3044 5082
302 553 503 640 castraque
515 535 693 612 omnibus
712 537 760 612 ad
774 541 917 614 victum
931 539 1159 614 necessariis
1170 539 1418 614 instruerent.

350 665 392 736 ln
425 663 497 736 hoc
536 661 668 736 libello
706 665 807 736 enim
843 663 1038 763 quomodo
1069 666 1274 750 exercitus
1306 667 1423 738 tertio

301 787 450 862 decimo
488 804 527 862 et
569 801 705 888 quarto
725 787 876 862 decimo
914 789 1065 864 saeculis
1099 805 1187 890 post
1224 789 1419 864 Christum

301 929 445 1002 natum,
457 913 736 988 commeatibus
752 916 991 988 munirentur
1005 917 1205 1014 quaeritur3
1224 916 1421 1014 praecipue

300 1065 392 1113 vero
415 1065 499 1139 quae
532 1041 628 1114 ratio
654 1039 832 1140 Philippo
862 1042 922 1114 lV.
955 1055 1140 1138 regnante
1172 1039 1286 1114 fuerit
1316 1065 1419 1112 corn-

301 1180 493 1239 meatuum
527 1164 861 1238 convehendorum
891 1163 1121 1252 studuimus,
1156 1167 1300 1266 quippe
1332 1191 1421 1238 curn

301 1291 531 1364 Francorum
563 1291 752 1364 exereitus
786 1289 922 1364 eodem
954 1289 1068 1363 modo
1103 1287 1283 1390 dispositi
1316 1315 1421 1363 com-

300 1417 493 1514 positique
525 1414 742 1502 videantur,
784 1441 804 1488 a
840 1414 1007 1514 Philippi
1046 1416 1210 1515 Augusti
1245 1430 1421 1514 tempore

301 1565 377 1638 quo
412 1538 556 1614 militiae
592 1540 639 1612 ab
672 1537 831 1612 urbibus
872 1539 1129 1640 suppeditatas
1171 1541 1337 1639 primum
1373 1537 1421 1610 ad

301 1663 391 1738 belli
419 1663 552 1764 proelia
587 1665 625 1736 in
659 1679 808 1738 exteras
835 1679 972 1763 gentes
999 1663 1125 1737 ductae
1153 1679 1260 1752 sunt,
1296 1689 1421 1763 usque

301 1787 349 1862 ad
381 1803 533 1889 tempus
566 1787 661 1863 illud
703 1816 779 1888 quo
822 1815 980 1863 numero
1017 1791 1179 1888 majores
1209 1791 1416 1876 exercituS,

302 1915 363 1989 vel
396 1917 434 1988 in
467 1917 549 2016 ipsa
576 1940 670 2016 pace
696 1916 872 1990 instructi
906 1930 1191 2015 permanentes,
1225 1924 1246 1988 'a
1278 1913 1416 1988 Carolo

301 2043 383 2114 Vll.
431 2040 608 2142 dispositi
662 2039 848 2114 fuerunt¹.
901 2041 940 2113 Si
994 2065 1084 2113 vero
1129 2038 1306 2138 Philippo
1351 2041 1414 2113 lV.

303 2191 428 2240 rerum
474 2168 598 2266 potito
638 2169 851 2264 praesertim
883 2181 1122 2265 quantopere
1165 2163 1284 2238 duces
1330 2189 1421 2263 pro-

301 2290 466 2364 viderint
528 2303 765 2364 commeatus
826 2291 1060 2362 exercituum
1128 2313 1285 2388 remque
1341 2287 1421 2360 fru-

301 2418 524 2491 mentariam
546 2417 828 2514 conspeximus,
855 2413 1021 2488 exaltera
1050 2429 1158 2514 parte
1178 2411 1415 2513 praebuimus

300 2557 424 2616 cartas
444 2539 505 2614 vel
525 2539 698 2639 exempla
718 2565 764 2611 ex
785 2538 984 2611 annalibus
1007 2537 1135 2628 dueta,
1159 2565 1243 2639 quae
1260 2538 1419 2610 intranti
1505 2517 1506 2568 3

299 2670 413 2743 tertio
451 2666 601 2740 decimo
634 2664 693 2738 vel
732 2665 885 2738 exeunti
919 2680 1055 2764 quarto
1092 2664 1242 2738 decimo
1275 2661 1420 2738 saeeulo

300 2790 551 2866 adscribenda
590 2804 691 2875 sunt,
730 2791 774 2862 ea
810 2815 924 2862 causa
966 2805 1007 2862 ut
1039 2788 1296 2889 intelligatur,
1341 2787 1418 2860 hoc

299 2933 516 3018 temporum
546 2913 760 3001 intervallo,
798 2915 852 2986 rei
890 2913 1147 2987 frumentariae
1184 2912 1418 2986 contrahen-
1504 2997 1505 3012 ἓ

300 3040 358 3116 dae
400 3043 586 3114 rationem
625 3042 780 3112 minime
820 3053 1003 3112 mutatam
1038 3063 1124 3112 esse
1163 3067 1170 3110 :
1213 3041 1347 3138 sieque
1395 3065 1418 3112 e

300 3177 383 3236 toto
407 3162 479 3236 hoc
503 3160 635 3234 libello
659 3187 774 3233 unum
795 3159 974 3259 idemque
993 3158 1302 3233 concludendum
1329 3185 1419 3233 esse

301 3274 543 3348 manifestum
562 3272 640 3346 fiet.

296 3482 390 3534 tentiae
401 3481 486 3533 fidem
499 3478 702 3531 adhibeamus:
719 3497 731 3528 u
744 3477 843 3530 Franci
857 3476 1019 3530 victualium
1034 3478 1157 3545 delectu,
1174 3475 1280 3547 quibus
1301 3495 1420 3548 semper

297 3567 406 3637 indiget
420 3584 490 3637 gens
499 3563 619 3630 Gallica,
629 3564 790 3615 Gerounam
803 3580 858 3615 non
874 3561 956 3631 longe
972 3571 1072 3632 postea
1084 3562 1283 3614 reddiderunt.
1299 3581 1311 3612 r
1330 3563 1365 3614 G.
1381 3563 1420 3615 de

299 3651 448 3712 Praebete,
463 3651 508 3702 ad.
524 3648 680 3714 ann.1285‚
695 3666 740 3717 ap.
757 3649 791 3698 D.
808 3649 949 3718 Bouquet‚
964 3648 1038 3707 XXI,
1057 3649 1081 3706 7,
1100 3647 1132 3698 B.

333 3738 359 3790 l.
381 3738 424 3789 Cl.
442 3737 594 3794 Bourxruc,
610 3731 789 3786 Institutione
803 3730 963 3792 militaires,
977 3751 1005 3801 p.
1024 3733 1084 3783 277.
