3044 5082
560 397 754 470 ...23-

87 545 257 618 rendum
279 563 395 635 esset,
415 548 507 648 quid
522 575 613 622 vero
631 549 828 623 vitandum
852 580 859 623 :
883 553 1047 651 primum
1068 553 1219 628 scilicet

86 671 378 771 providendum
415 700 464 748 ne
494 675 778 775 expeditionem
802 677 840 748 in
860 676 992 750 hostes
1022 695 1220 754 moverent

86 799 170 872 nisi
185 823 275 871 vere
290 809 389 872 nov'o
405 815 468 873 aut
488 814 622 873 aestate
645 801 720 898 jam
743 799 885 887 adulta,
904 827 990 874 cum
1004 805 1131 875 omnia
1151 803 1216 877 flo-

85 937 226 996 rerent
243 939 281 996 et
301 940 454 1023 segetes
473 925 665 999 frumenta
683 925 916 1024 largirentur
927 928 953 1014 ¹,
970 953 1013 1000 ac
1030 925 1215 1028 deinceps

86 1073 143 1121 ne
162 1051 283 1149 copiae
300 1049 444 1123 diutius
457 1053 496 1123 in
512 1077 588 1124 uno
606 1049 818 1151 eodemque
831 1051 917 1125 loco
933 1077 1216 1127 commoraren-

85 1189 170 1246 tur.
205 1175 476 1270 Quamobrem,
504 1191 638 1250 contra
676 1202 789 1276 quam
821 1193 1054 1252 censuerunt
1081 1204 1215 1252 recen-

86 1301 215 1372 tiores
249 1299 403 1399 quidam
422 1301 610 1388 historici,
633 1301 894 1375 arbitrandum
925 1302 1037 1376 nobis
1066 1302 1216 1377 videtur

88 1422 224 1497 medio
240 1450 321 1498 aevo
333 1441 525 1526 praecepta
537 1429 884 1527 imperatoria,quae
901 1430 1106 1528 strategica
1117 1454 1216 1502 nun·

86 1565 297 1648 cupantur,
316 1551 444 1624 multae
465 1577 592 1651 operae
612 1551 797 1651 multique
813 1552 955 1626 laboris
976 1553 1107 1640 fuisse,
1128 1579 1215 1627 cum

88 1678 210 1775 periti
235 1675 344 1749 ducis
371 1690 473 1750 esset
496 1677 673 1750 hostibus
702 1693 846 1750 arctam
871 1703 1061 1751 annonam
1089 1678 1216 1752 facere

86 1801 155 1874 vel
166 1802 243 1899 jam
253 1826 319 1874 eos
331 1801 607 1875 commeatibus
617 1801 875 1876 intercludere
885 1805 1054 1876 omnino.
1067 1805 1215 1903 Saepius

88 1928 197 1999 enim
224 1929 263 1998 in
285 1926 387 2000 illius
410 1929 534 2001 aetatis
555 1927 756 2000 annalibus
777 1931 1013 2002 exercituum
1038 1927 1214 2027 depictos

88 2054 267 2151 reperies
286 2051 485 2140 decursus,
512 2056 577 2152 qui
602 2053 801 2151 cujusdam
826 2052 1081 2153 expeditionis
1105 2055 1215 2153 quasi

89 2179 300 2274 imaginem
319 2178 492 2277 praebeut
512 2177 560 2251 de
575 2203 649 2278 qua
665 2179 702 2250 in
717 2176 883 2278 quodam
898 2177 1102 2250 Annalium
1118 2180 1216 2252 Gan-

89 2301 272 2376 densium
287 2305 301 2349 2
316 2301 403 2376 loco
419 2306 556 2403 agitur.

143 2431 255 2502 Anno
275 2430 675 2516 Domini-Menon,
698 2453 785 2502 cum
801 2427 1000 2528 Philippus
1023 2430 1089 2503 lV.
1112 2453 1215 2502 exer·

90 2557 213 2629 citum
235 2580 345 2626 suum
364 2579 485 2653 usque
501 2553 548 2627 ad
569 2553 857 2628 Flandreusium
874 2569 999 2627 castra
1016 2555 1211 2642 movisset,

89 2678 386 2754 Flandrensium
407 2678 538 2765 duceS,
557 2678 781 2754 Guillclmus
802 2677 951 2752 scilicet
969 2678 1211 2766 lubecensis,

89 2829 231 2904 nepoS,
253 2830 403 2878 necnon
423 2804 647 2878 Guillelmus
665 2819 704 2878 et
717 2801 852 2890 Guido,
874 2802 941 2875 filii
962 2802 1147 2877 Guidonis
1166 2802 1214 2876 dc

89 2933 314 3030 Dampetra,
341 2931 494 3002 comitis
517 2928 775 3017 Flandrensis‚
802 2927 1021 3027 «precibus
1046 2943 1084 3001 et
1109 2927 1213 3000 blan·

89 3055 154 3128 dis
177 3054 419 3129 sermonibus
449 3080 539 3127 suos
564 3052 705 3126 milites
726 3053 773 3126 ad
795 3052 999 3152 jacendum
1024 3051 1214 3126 stabiliter

129 3275 157 3328 1.
178 3273 223 3327 Cf.
236 3273 349 3328 litteras
369 3273 475 3346 quibus
494 3282 698 3345 procuratores
718 3272 807 3343 Erici,
823 3271 980 3342 Norwegiae
1005 3271 1095 3342 regis,
1114 3279 1213 3324 octava

88 3359 231 3413 kalendas
239 3358 319 3428 Jutii,
328 3377 400 3411 anno
411 3359 626 3420 M.CC.XC.V.,
636 3357 751 3411 Ericum
760 3358 847 3410 armis
855 3356 1031 3429 navibusque
1041 3357 1214 3410 Francorum

89 3463 192 3514 regem
207 3444 236 3496 in
252 3443 330 3497 bello
346 3454 445 3498 contra
462 3443 637 3506 Eduardum,
655 3461 752 3513 regem
764 3442 884 3512 Angue,
896 3460 926 3494 se
947 3441 1130 3512 adjuvaturos
1148 3459 1213 3494 esse

89 3529 293 3602 pollicitisunt,
314 3549 326 3581 r
344 3547 397 3600 per
409 3539 536 3600 ,quatuor
555 3547 667 3581 menses
683 3528 762 3580 annis
781 3527 903 3598 singulis
923 3528 1044 3580 durante
1063 3545 1168 3597 guerra
1187 3546 1211 3581 r.

91 3613 210 3680 Quibus
222 3614 251 3666 in
263 3613 370 3668 litteris
387 3613 446 3666 haec
466 3613 551 3666 verba
571 3613 774 3684 reperiuntur:
792 3635 806 3663 u
826 3613 908 3673 Item,
930 3611 1048 3664 Francis
1063 3630 1113 3664 rex
1132 3611 1213 3664 annis

91 3699 229 3770 singulis,
238 3699 311 3752 infra
322 3700 446 3752 medium
459 3717 585 3752 mensem
597 3698 704 3760 Martii,
719 3698 849 3770 predicto
863 3697 977 3751 domino
988 3697 1138 3767 Norwegie
1151 3698 1214 3768 regi

92 3785 259 3856 significare
272 3783 389 3838 debebit
404 3785 481 3856 quod
501 3782 662 3838 subsidium
684 3783 747 3854 ipse
762 3783 878 3838 Francis
893 3800 944 3834 rex
962 3791 1090 3854 tempore
1105 3781 1213 3835 vernali

94 3870 237 3942 sequenti,
267 3871 347 3940 juxta
375 3870 566 3940 prescriptam
597 3870 726 3930 formam,
753 3865 859 3920 habere
886 3867 1009 3922 voluerit
1036 3866 1070 3919 ab
1100 3869 1211 3929 eodem,

94 3958 229 4028 idemque
252 3954 384 4008 dominus
401 3963 500 4006 noster
518 3972 568 4007 rex
586 3953 737 4024 Norwegie
758 3952 829 4005 illud
844 3971 948 4024 parare
967 3952 1111 4006 tenebitur
1130 3963 1160 4006 ut
1175 3952 1214 4006 sit

94 4049 260 4113 promptum
276 4040 304 4091 in
320 4037 452 4092 omnibus
464 4039 556 4108 prima
572 4039 618 4090 die
632 4039 738 4090 mensis
754 4037 823 4089 Maii
835 4036 1048 4108 subsequentis.
1064 4057 1078 4089 u

131 4125 184 4178 Or.
201 4143 254 4187 sc.,
266 4123 352 4176 Arclt.
367 4131 436 4192 net„
451 4124 466 4174 J
478 4125 538 4185 457,
556 4124 608 4175 n⁰2
620 4141 626 4183 ;
637 4123 681 4175 ed.
695 4123 754 4186 Jst,
768 4120 899 4179 Arcte'ot.
911 4119 1021 4189 navale,
1039 4122 1209 4187 11,294-300.

132 4212 156 4264 2.
178 4209 234 4282 Ap.
251 4207 408 4272 Pertz,SS.,
423 4217 441 4262 t.
458 4208 533 4270 XVI,
549 4227 578 4281 p.
594 4207 655 4271 573,
672 4206 702 4260 ll.
719 4207 815 4263 40-46.
