3044 5082
730 361 925 432 ..28-

227 601 228 606 Ἰ
269 510 358 608 quia
384 509 474 582 alibi
498 535 574 582 non
604 510 803 584 audebam.
828 511 965 586 Videte
988 513 1018 586 si
1044 515 1094 585 sit
1119 511 1229 585 dolor
1252 511 1386 584 similis

269 635 490 708 sicutdolor
510 661 631 725 mene,
655 662 723 710 vos
744 639 808 736 qui
830 639 1005 711 civitates
1033 653 1071 710 et
1100 637 1259 711 castella
1278 637 1387 709 habi-

268 763 381 834 tatis!
402 763 534 832 Aurea.
560 789 577 831 a

977 863 1143 932 Hueonrs
1163 862 1188 932 ¹.

318 1080 1385 1180 QuibuslitterisAnglicorumvastationesiuGalliades·

270 1205 489 1294 cribuntur;
506 1210 736 1280 Francorum
749 1231 840 1280 vero
851 1209 1053 1294 exercitus
1070 1224 1233 1281 exeunte
1248 1225 1385 1308 quarto

269 1329 420 1404 decimo
435 1331 590 1417 saeculo,
613 1358 689 1405 uon
711 1331 821 1405 aliter
844 1335 883 1404 iu
903 1335 986 1431 ipsa
1003 1334 1124 1432 patria
1144 1357 1185 1404 se
1200 1332 1387 1430 gerebant

269 1482 383 1555 quam
396 1456 541 1530 hostes.
556 1458 744 1556 Agrorum
761 1459 862 1529 enirn
873 1460 1121 1557 vicorumque
1138 1456 1387 1558 populatione

269 1606 345 1654 non
376 1585 560 1668 contenti,
577 1599 701 1655 castra
731 1581 779 1655 de
808 1581 894 1655 loco
926 1585 1065 1656 moturi
1086 1584 1233 1668 armati,
1256 1609 1387 1656 secum

271 1709 379 1805 quasi
407 1709 567 1780 comites
594 1706 785 1806 proficisci
801 1751 849 1760 —
876 1706 1020 1780 vellent
1035 1707 1182 1782 nollent
1204 1751 1254 1762 —
1270 1709 1387 1781 rusti-

270 1830 377 1904 culos
416 1831 619 1930 cogebant,
656 1834 763 1904 utin
806 1835 974 1905 carrucis
1001 1832 1143 1906 cibaria
1183 1836 1387 1932 victusque

269 1974 415 2042 omnes
439 1956 579 2057 quibus
601 1982 677 2030 non
695 1959 754 2028 usi
783 1973 891 2029 erant
918 1983 1005 2030 cum
1030 1961 1068 2030 in
1088 1961 1172 2032 vico
1193 1984 1387 2031 moraren-

268 2099 343 2170 tur,
366 2107 497 2154 secum
519 2099 758 2181 asportarent
779 2085 805 2169 ²,
829 2109 913 2182 quae
934 2083 1113 2156 Nicolaus
1142 2082 1190 2157 de
1210 2083 1386 2157 Cleman-

268 2209 355 2306 giis,
379 2209 599 2280 Baiocensis
629 2206 825 2294 diaconus
848 2211 888 2279 in
913 2208 1076 2308 epistola
1108 2207 1154 2280 ad
1174 2207 1386 2281 iohannem

270 2331 317 2404 de
344 2334 544 2419 Gersonio‚
567 2332 740 2405 ecclesiae
761 2335 986 2406 parisiensis
1010 2333 1226 2420 diaconum,
1254 2335 1384 2421 missa,

267 2456 442 2556 plurimis
457 2456 584 2530 verbis
601 2474 777 2532 accurate
797 2461 1021 2558 perscripsit
1039 2462 1065 2530 3.

317 2583 410 2654 Cum
428 2583 504 2679 jam
540 2582 681 2656 multus
715 2608 840 2656 sermo
870 2581 1005 2656 fuisset
1035 2582 1082 2655 de
1110 2581 1316 2682 tranquilla
1348 2598 1388 2654 et

269 2707 396 2804 quieta
422 2709 513 2797 vita,
534 2732 648 2806 quam
673 2707 843 2780 solidarii
865 2707 1083 2806 militesque
1107 2709 1221 2780 armis
1254 2709 1386 2804 quies-

269 2831 445 2904 centibus
466 2830 607 2932 degere
621 2831 820 2919 deberent,
840 2834 1004 2930 scriptor
1025 2830 1130 2905 addit
1151 2859 1158 2902 :

319 2982 336 3024 (ι
359 2959 477 3043 ltane,
507 2981 650 3054 quaeso,
680 2955 855 3028 hodierni
882 2957 1001 3028 nostri
1032 2971 1150 3055 agunt
1180 2957 1385 3041 exercitus,

269 3107 345 3181 quo
362 3083 504 3180 passim
524 3105 642 3182 vagos
663 3105 705 3152 ac
723 3079 917 3154 avolantes
938 3107 1007 3180 per
1027 3079 1174 3152 medios
1194 3081 1388 3152 cernimus

145 3203 146 3206 '
230 3301 232 3306 Ι
269 3231 425 3304 campos
446 3205 690 3299 discurrere?
720 3205 921 3300 Quomodo
948 3207 1021 3304 ipsi
1050 3206 1131 3278 haec
1157 3221 1388 3278 conservent

269 3333 457 3416 instituta,
476 3356 537 3404 res
558 3333 637 3429 ipsa
664 3328 844 3427 loquitur,
869 3333 946 3403 imo
970 3356 1060 3402 vero
1084 3329 1227 3402 bellum
1254 3332 1387 3428 patriae

268 3455 452 3528 nefarium
483 3454 663 3544 inferunt,
683 3470 722 3528 et
746 3457 854 3554 quasi
871 3454 917 3527 ad
938 3481 1021 3527 eam
1051 3453 1254 3527 delendam
1282 3480 1388 3526 arma

268 3605 406 3678 capere
416 3581 510 3677 jussi
530 3593 672 3664 essent,
695 3606 842 3653 summo
863 3579 967 3651 illam
983 3596 1131 3652 certant
1148 3579 1274 3652 studio
1295 3605 1387 3678 pro-

304 3831 330 3883 l.
352 3831 443 3894 Quam
471 3831 659 3882 narrationem
680 3829 737 3900 jam
765 3829 841 3899 typis
861 3831 1042 3882 mandaverat
1061 3831 1087 3882 J.
1109 3830 1283 3895 Qurcuuaur,
1308 3828 1385 3883 Bibl.

268 3901 318 3968 Ec.
333 3913 384 3966 des
400 3914 527 3975 Clientes,
545 3914 702 3973 auu.1857‚
717 3933 765 3984 pp.
779 3915 891 3966 359-60.

304 4000 329 4050 2.
352 3999 381 4050 P.
398 3998 540 4060 cranam,
553 4001 675 4071 Jacques
693 4001 773 4052 Coeur
787 4007 814 4052 et
832 3997 948 4052 Char-les
967 4000 1026 4066 Vll,
1038 4008 1059 4050 t.
1078 3997 1099 4058 Ι,
1115 4017 1142 4067 p.
1161 3999 1222 4050 108.

304 4083 329 4135 3.
352 4083 430 4134 Hanc
451 4083 602 4152 epistolam
631 4084 706 4135 cirea
726 4101 815 4136 anuos
840 4082 1072 4136 M.CCC.XX.II.
1088 4081 1383 4135 -M.CCC.XX.IX.

269 4167 415 4238 scriptam,
431 4169 460 4219 P.
482 4166 623 4228 Carinum,
641 4166 697 4242 (op.
711 4167 770 4230 cit,
784 4187 811 4238 p.
830 4168 892 4229 193,
909 4169 949 4236 n.)
964 4176 1042 4219 recto
1053 4165 1160 4236 judicio
1177 4153 1382 4218 arbitrabatur.
