3044 5082
783 371 955 442 -ρ,

307 519 549 616 reperiuntur
568 517 641 591 loci
659 544 679 591 e
700 519 853 618 quibuS,
876 536 918 592 ut
943 523 980 592 in
1002 547 1045 594 ea
1071 525 1263 596 sententia
1283 550 1427 622 perma-

306 669 477 730 neamus,
501 659 724 744 argumenta
739 643 913 718 ducenda
933 671 1019 720 esse
1044 647 1265 739 videantur;
1288 665 1327 722 et
1343 677 1425 750 quae

308 783 521 868 sequuntur
549 769 712 868 exempli
734 773 857 870 gratia
872 771 1136 862 exscribenda,
1161 800 1246 872 quae
1270 775 1425 848 Guillel-

310 919 394 967 mus
418 893 585 982 Anelier,
612 894 872 986 Tholosanus,
895 895 942 969 de
968 896 1213 996 expeditione
1232 899 1424 998 prodidit1

311 1047 331 1092 a
367 1019 543 1119 Philippo
588 1024 673 1108 ln,
720 1023 951 1094 Francorum
991 1049 1099 1123 rege,
1149 1026 1188 1096 in
1224 1027 1425 1098 Navarram

311 1170 411 1217 anno
430 1147 759 1220 M.CC.LXX.VH.
785 1145 899 1220 ducta
921 1175 928 1218 :
954 1149 1136 1245 «Optimi
1159 1151 1262 1246 regis
1278 1176 1426 1222 necnon

309 1269 470 1366 legitimi
498 1269 676 1370 Philippi,
718 1273 886 1344 Franoiae
912 1271 1070 1362 domini,
1109 1275 1276 1345 animum
1309 1277 1426 1346 maxi-

309 1416 412 1466 mum
437 1393 605 1468 studium
626 1395 744 1470 subiit
769 1396 959 1496 superbiae
981 1399 1107 1470 nimiae
1136 1401 1426 1472 Navarrensium

308 1518 576 1606 retundendam
600 1523 705 1620 regia
725 1522 842 1620 igitur
861 1523 970 1622 signa
987 1525 1086 1595 inter
1107 1524 1252 1622 primos
1272 1523 1426 1598 ordines

308 1644 426 1732 duxit,
445 1645 628 1744 nulloque
643 1649 903 1744 praetermisso
917 1647 1117 1720 intervallo
1131 1673 1152 1720 e
1172 1664 1253 1721 tota
1270 1653 1425 1722 Francia

308 1771 449 1844 milites
459 1796 544 1844 eum
556 1773 677 1844 secuti
694 1785 794 1845 sunt.
811 1775 916 1843 Tunc
931 1775 1064 1845 aerario
1075 1789 1234 1847 onustas
1250 1801 1424 1847 carrucas

308 1899 553 1994 conspexeris
586 1897 826 1994 tentoriaque
853 1911 891 1970 et
919 1911 1045 1969 cetera
1079 1897 1351 1998 impedimenta
1388 1912 1426 1970 et

308 2047 424 2108 arma,
456 2022 564 2119 equis
593 2020 805 2093 fascinariis
841 2019 1055 2120 deportata,
1088 2023 1139 2094 ita
1164 2037 1206 2095 ut
1240 2022 1328 2110 illis,
1358 2049 1427 2122 per

306 2147 412 2218 vicos
428 2161 466 2217 et
478 2144 596 2218 valles
613 2159 652 2217 et
670 2147 842 2217 tramites
863 2147 947 2230 iter,
964 2161 1005 2218 ut
1025 2148 1081 2218 ita'
1093 2145 1231 2233 dicam,
1247 2147 1424 2220 obstrue-

307 2285 424 2343 retur.
476 2271 639 2355 Armati‚
694 2268 841 2342 scilieet
891 2270 1032 2343 milites
1085 2287 1124 2343 et
1169 2271 1422 2369 stipendiarii,

308 2420 517 2494 eorumque
537 2397 638 2492 equi,
658 2393 804 2479 hortos,
821 2420 977 2493 campos
992 2410 1030 2467 et
1045 2397 1172 2469 vineta
1188 2398 1422 2482 invaserunt,

309 2545 460 2592 necnon
500 2519 642 2618 ubique
675 2534 800 2592 castra
843 2544 910 2592 sua
940 2535 978 2592 et
1012 2519 1163 2618 pedites
1203 2535 1242 2592 et
1275 2523 1425 2619 equites

306 2645 568 2743 balistariique
583 2643 810 2731 habuerunt,
829 2646 970 2743 quippe
992 2647 1056 2742 qui
1084 2644 1179 2716 adeo
1204 2644 1425 2744 frequentes

308 2785 438 2842 essent
468 2783 521 2858 ut,
546 2795 620 2840 non
646 2767 766 2840 multo
791 2784 892 2868 post,
924 2771 1034 2868 panis
1064 2768 1217 2868 quidem
1246 2769 1422 2858 frustum,

306 2893 408 2994 quod
428 2909 538 2966 antea
554 2893 703 2966 duobus
723 2909 868 2966 tantum
892 2893 1058 2966 denariis
1071 2919 1198 2968 emere
1218 2919 1426 2968 consueve-

306 3034 404 3105 rant,
426 3017 545 3091 multo
566 3044 657 3090 sane
673 3020 814 3116 majore
832 3021 956 3118 pretio
977 3033 1248 3107 mercarentur,
1264 3021 1426 3118 saepius-

307 3169 381 3243 que
395 3169 471 3216 non
492 3159 594 3217 esset
617 3143 732 3242 quod,
754 3169 996 3242 quocumque
1012 3147 1156 3242 pretio,
1180 3146 1253 3216 emi
1275 3160 1422 3242 posset.

308 3272 482 3342 Navarrae
502 3295 592 3341 vero
612 3268 776 3340 barones
795 3267 1034 3367 aufugerunt.
1053 3268 1289 3341 Consiliariis
1311 3271 1427 3368 igitur

304 3395 383 3466 suis
416 3395 575 3479 vocatis,
610 3396 839 3465 Francorum
867 3419 933 3466 rex
959 3420 1043 3491 quae
1073 3392 1120 3465 de
1149 3392 1255 3465 hisce
1292 3395 1425 3465 unius-

303 3520 488 3617 cujusque
524 3519 713 3590 sententia
740 3532 860 3602 esset,
891 3520 1090 3617 exquirere
1115 3520 1245 3616 coepit.
1275 3519 1425 3590 Primus

300 3647 318 3716 J
323 3644 492 3716 ohannes
507 3642 554 3716 de
569 3645 667 3715 Aera
681 3668 907 3742 responsum
919 3643 1027 3715 tulit:
1043 3672 1059 3713 u
1077 3645 1330 3716 Ornatissime
1341 3667 1422 3729 rex,

302 3771 438 3867 inquit,
456 3768 526 3841 tibi
545 3783 719 3841 nostrum
739 3767 942 3840 consilium
960 3770 1170 3840 assumenti
1189 3767 1300 3840 nobis
1318 3782 1425 3841 recte

302 3893 624 3994 respondendum.
644 3898 686 3966 In
707 3896 902 3967 Franciam
920 3896 1123 3966 reverteris
1139 3920 1223 3965 cum
1242 3893 1422 3966 omnibus

340 4105 364 4156 1.
384 4107 424 4158 De
439 4103 510 4158 bello
527 4103 555 4156 in
564 4105 731 4165 Novariam,
746 4103 826 4155 annis
841 4103 1083 4157 M.CC.LXX.VI.
1098 4113 1125 4155 et
1142 4101 1401 4154 M.CC.LXX.VII.
1416 4121 1421 4162 ;

304 4189 347 4240 ed.
367 4190 413 4241 Fr.
431 4189 546 4252 Michel,
563 4209 611 4260 pp.
636 4188 749 4241 309-13.
