2984 5152
506 1121 793 1194 CONCLUSIO.

118 1404 157 1474 Si
188 1429 271 1503 qua
301 1431 398 1479 vero
429 1431 474 1478 ex
495 1407 550 1478 eis
579 1430 664 1504 quae
694 1429 807 1504 supra
835 1407 977 1503 scripta
1000 1417 1090 1476 sunt
1114 1406 1211 1478 ratio

72 1524 252 1625 cogenda
289 1555 381 1604 esse
400 1528 589 1615 videatur,
617 1531 863 1628 -quamvis
888 1527 999 1602 aliter
1021 1531 1212 1602 senserint

74 1677 148 1722 non
191 1658 319 1752 pauci
363 1654 518 1754 quidem
557 1669 699 1727 nostrae
734 1656 857 1726 aetatis
900 1655 1130 1751 scriptoreS,
1164 1695 1213 1708 —-

74 1775 202 1850 medio
248 1805 340 1852 aevo
378 1793 615 1852 commeatus
650 1805 669 1850 a
706 1777 861 1876 regibus
899 1782 1212 1876 exercituumque

76 1897 243 1976 ducibus
275 1908 443 1978 maxima
473 1929 563 1976 cura
594 1905 804 1976 instructos
830 1902 947 1976 luisse
975 1927 1210 1990 asseremus;

79 2047 201 2123 eoque
236 2029 471 2128 diligentius
501 2054 577 2127 quo
615 2029 794 2127 regiones
832 2027 896 2100 ubi
927 2027 1068 2100 bellum
1100 2053 1212 2126 gere-

79 2145 190 2222 batur
220 2157 371 2254 saepius
402 2156 513 2226 inviae
533 2166 572 2227 et
593 2151 697 2226 aditu
725 2151 962 2224 difficiliores
980 2166 1099 2226 erant.
1119 2155 1212 2248 Quae

82 2297 166 2346 cum
183 2279 239 2350 ita
255 2282 339 2352 sint
360 2281 517 2351 minime
535 2276 748 2350 mirandum
763 2279 795 2349 si
813 2292 1094 2350 commeatuum
1113 2301 1213 2348 com·

80 2404 327 2492 parationem
359 2407 398 2476 in
421 2403 575 2476 militari
602 2417 684 2476 arte
712 2405 983 2502 agminumque
1013 2401 1213 2475 itineribus

82 2527 235 2598 maximi
269 2531 455 2601 momenti
484 2528 602 2601 fuisse
624 2526 886 2614 didicerimus
919 2529 969 2600 ita
1000 2541 1041 2600 ut
1072 2529 1213 2626 saepius

84 2641 155 2718 dux
178 2651 326 2752 aliquis
350 2653 483 2726 hostes
512 2654 647 2726 vicerit
667 2677 813 2752 eosque
834 2651 880 2724 ad
898 2665 1006 2750 terga
1030 2649 1213 2724 vertenda

84 2781 274 2872 coegerit,
289 2780 587 2878 quamvisarmis
598 2779 754 2848 minime
767 2775 981 2875 praeliatum
993 2778 1055 2862 sit,
1072 2778 1214 2874 quippe

84 2918 167 2968 cum
188 2901 369 2977 effecerit
391 2919 432 2976 ut
453 2930 473 2975 a
495 2928 536 2975 re
559 2902 806 2974 frumentaria
827 2927 894 2974 eos
924 2899 1210 2976 intercluderet.

86 3021 194 3114 Quod
208 3029 317 3102 clare
333 3042 448 3128 atque
468 3026 667 3102 evidenter
686 3025 935 3099 ostendemus
950 3029 981 3099 si
1001 3051 1047 3098 ex
1067 3023 1213 3097 infinita

86 3153 353 3250 exemplorum
367 3155 478 3252 copia
494 3177 614 3252 pauca
632 3166 781 3224 tantum
797 3175 946 3255 sumere
964 3148 1088 3222 liceat.

132 3272 249 3352 Anno
261 3281 296 3351 M
303 3279 489 3363 .CCC.11.,
505 3276 619 3376 paulo
641 3291 728 3376 post
741 3278 1031 3348 Curtracensem
1049 3273 1212 3364 cladem,

88 3393 291 3502 Philippus
321 3401 483 3476 Pulcher
513 3401 628 3474 alium
658 3403 866 3474 exercitum
894 3403 932 3472 in
962 3398 1214 3472 Flandrenses

90 3515 222 3613 duxit,
246 3528 440 3602 lohannes
474 3527 743 3600 Namurcensis
783 3551 873 3598 vero
909 3527 1068 3624 ejusque
1100 3523 1215 3597 frater

93 3643 1081 3740 Guido,etWilhelmusJuliacensis,Flandreusibus
1094 3650 1215 3749 copiis

93 3793 297 3863 praeerant.
332 3780 492 3875 Jamque
533 3777 797 3875 unusquisque
835 3777 1025 3848 exercitus
1063 3773 1214 3847 hostem

95 3915 205 3989 quam
225 3904 399 4002 proxime
414 3899 595 3988 habebat,
610 3927 627 3970 a
642 3899 849 3984 lohannes
864 3898 986 3972 Guido
1002 3914 1040 3972 et
1055 3897 1213 3972 Wilhel·

97 4040 177 4094 mus
196 4071 246 4082 -
261 4041 303 4100 ut
320 4026 532 4100 Annalium
551 4025 807 4098 (lundensium
836 4025 1001 4122 scriptor
1021 4025 1214 4096 memoriae

96 4149 276 4238 prodidit,
296 4194 345 4207 -
374 4177 464 4224 suos
484 4155 675 4246 (armatos)
699 4149 878 4249 precibus
900 4163 937 4222 et
962 4147 1113 4220 blandis
1134 4172 1215 4220 ser-
