3044 5082
742 1073 900 1146 CAPUT
935 1075 978 1144 ll.

230 1264 235 1275 =
303 1304 552 1387 QUOssOPIAE,
601 1304 812 1352 COMMEATUS
846 1303 967 1363 clusa,
1012 1305 1273 1351 GONTRAHENDAE
1317 1306 1423 1351 VIDE-

351 1429 505 1490 RENTUR,
548 1429 687 1476 NEGNON
721 1429 764 1474 DE
810 1429 1040 1476 EXERClTlBUS
1081 1430 1193 1476 URBES
1225 1431 1265 1475 ET
1308 1431 1423 1477 AGROS

350 1553 634 1605 POPULABUNDIS.

351 1827 448 1898 Dum
481 1828 550 1926 per
577 1852 666 1899 suos
696 1827 866 1926 ipsorum
886 1828 1031 1926 patrios
1065 1852 1178 1928 agros
1207 1827 1424 1901 transibant

304 1949 444 2024 milites
493 1950 566 2036 illi,
613 1977 634 2024 e
684 1951 823 2052 quibus
878 1953 1068 2024 exercitus
1120 1951 1421 2051 colligebantur,
1507 2035 1508 2050 χ

302 2100 516 2176 eorumque
539 2075 667 2149 famuli
701 2091 739 2149 et
772 2078 890 2163 servi,
926 2091 966 2148 et
997 2079 1210 2175 praesertim
1242 2076 1423 2150 omnibus
1507 2071 1508 2102 ³

302 2199 413 2274 furtis
435 2200 721 2300 latrociniisque
743 2203 841 2274 sueti
863 2200 1114 2300 stipendiarii,
1143 2228 1230 2274 cum
1248 2201 1424 2300 plurimis

302 2327 425 2426 equis,
476 2326 681 2426 populares
722 2351 814 2399 suos
861 2342 900 2400 et
950 2325 1116 2400 urbanos
1167 2340 1205 2398 et
1250 2353 1423 2426 paganos

302 2451 475 2522 maximis
511 2452 694 2549 impensis
732 2450 955 2537 onerabant
998 2454 1272 2551 regionemque
1310 2451 1423 2524 valde

302 2574 534 2674 diripiebant
571 2575 978 2676 depraedabanturque.
1010 2579 1240 2675 Temporum
1268 2575 1422 2649 illorum

303 2702 510 2799 scriptores
538 2699 586 2774 de
612 2700 798 2799 ejusmodi
829 2700 1123 2801 spoliationibus
1157 2700 1329 2800 singulas
1360 2727 1422 2774 res

303 2825 578 2914 memorabant,
595 2853 679 2925 quae
701 2826 812 2899 nobis
830 2823 1039 2899 referendae
1056 2841 1157 2898 sunt.
1177 2829 1218 2898 ln
1241 2825 1423 2898 Attreba-

301 2952 401 3027 tensi
422 2951 603 3024 chronico
622 2953 807 3049 scriptum
828 2951 909 3022 est¹
937 2950 1101 3048 Philippi
1122 2953 1183 3022 lV.
1208 2947 1423 3049 stipendia-

303 3077 394 3162 rios,
423 3102 522 3148 anno
549 3077 699 3148 Domini
724 3075 969 3160 M.CCC.lll.‚
992 3073 1164 3147 calendis
1190 3073 1423 3174 septembri·

304 3199 389 3286 bus
403 3199 449 3272 ab
469 3199 668 3273 Attrebate
686 3201 758 3273 iter
781 3201 932 3298 cepisse
958 3198 1191 3298 eosdemque
1207 3200 1423 3298 perrexisse
1509 3219 1510 3290 j

303 3323 560 3413 Bellovacum‚
603 3351 676 3424 qua
714 3326 752 3395 in
798 3325 953 3396 civitate
994 3349 1059 3396 rex
1097 3323 1419 3397 commorabatur.

1509 3241 1510 3270 l

1508 3351 1510 3392 l

1509 3421 1510 3458 l

303 3454 345 3521 ln
379 3450 528 3534 itinere,
578 3451 742 3550 passim,
781 3463 918 3521 cuncta
959 3448 1201 3522 abstulerunt
1246 3463 1423 3547 asporta·

301 3588 478 3673 runtque,
499 3575 614 3647 urbes
642 3573 893 3660 violaverunt,
922 3600 1035 3673 agros
1062 3573 1285 3672 depopulati
1312 3587 1419 3659 sunt,
1509 3587 1510 3590 ’

302 3725 322 3772 e
355 3698 533 3772 domibus
568 3714 606 3773 et
641 3700 814 3798 pecuniis
841 3712 879 3771 et
915 3699 1068 3771 cibariis
1106 3697 1282 3770 sublatis
1325 3699 1422 3770 Prae-

300 3827 412 3924 cipue
441 3850 546 3915 vero,
575 3851 661 3897 curn
691 3851 711 3896 a
745 3825 881 3896 eastris
913 3822 1069 3895 domurn
1104 3822 1287 3910 redirent,
1320 3821 1422 3894 mili-

300 3964 359 4022 tes
392 3965 431 4023 et
465 3948 702 4049 stipendiarii
735 3974 846 4045 agros
871 3949 1123 4047 civitatesque
1152 3961 1421 4046 percurrentes

335 4184 361 4235 1.
382 4181 524 4236 Attrebat.
542 4179 650 4247 chron,
664 4200 708 4251 ap.
726 4183 764 4234 De
780 4182 866 4239 Same,
884 4179 933 4248 lV,
951 4179 1013 4233 487.
