3044 5082
561 363 757 442 ...w-2

93 513 323 612 obedirent3
352 543 422 595 neo
448 520 563 596 credo
585 538 672 622 post
697 523 885 622 originem
912 514 1043 595 mundi
1070 530 1218 596 tantum

93 662 355 746 conquestum
381 636 604 720 diviciarum
629 647 771 720 factum
803 646 922 720 suisse
949 661 1134 748 quantum
1167 647 1220 720 ibi

90 772 276 846 faceretis
294 774 318 844 ¹.
343 801 361 844 a

146 903 189 970 ln
228 897 304 970 illis
343 897 521 997 equidem
559 924 644 996 quae
686 899 941 998 praemisimus
987 901 1220 971 mentionem

87 1023 256 1096 fecimus
272 1049 292 1095 a
313 1026 425 1096 Petro
442 1023 491 1096 de
507 1025 630 1096 Boseo
645 1023 691 1094 de
703 1049 935 1125 guerrarum
958 1023 1220 1096 abrcvz'act‘one

87 1147 271 1221 libellum
309 1150 494 1247 seriptum
536 1147 670 1234 luisse,
722 1162 811 1246 post
856 1147 1140 1246 expeditionem
1181 1149 1219 1219 in

88 1274 327 1372 Aragoniam
346 1299 366 1346 a
382 1272 561 1372 Philippo
578 1277 657 1362 lll.,
682 1275 915 1345 Francorum
938 1298 1042 1373 rege,
1062 1287 1216 1360 motam,

88 1425 183 1470 cum
208 1401 286 1496 jam
313 1424 426 1498 quam
462 1397 665 1471 infeliciter
686 1412 796 1498 gesta
816 1398 929 1470 fuerit
952 1422 1022 1497 pro
1051 1423 1091 1470 re
1117 1423 1220 1471 eom

91 1538 207 1622 perta
238 1522 407 1597 haberet.
448 1524 612 1610 Etenim,
647 1549 746 1595 anno
776 1524 1104 1608 M.CC.LXX.Vl.,
1132 1548 1219 1596 cum

91 1646 297 1748 Philippus
325 1651 385 1720 lll.
416 1649 454 1718 in
474 1664 642 1721 coesset
664 1662 705 1720 ut
726 1649 951 1746 Hispaniam
971 1673 1059 1719 cum
1081 1673 1219 1748 magno

92 1775 267 1846 exercitu
290 1772 576 1873 aggrederetur,
604 1787 722 1846 totam
750 1773 995 1871 Hispanicam
1020 1788 1159 1845 terram
1181 1775 1220 1845 in

93 1925 206 1972 suam
235 1897 420 1971 ditionem
446 1900 665 1971 necessario
700 1896 946 1997 redigendam
973 1899 1049 1996 jam
1084 1898 1219 1996 opina-

93 2023 224 2109 batur,
264 2023 578 2096 nulloexercitu
614 2022 771 2123 paribus
806 2021 952 2094 viribus
994 2021 1146 2094 obviam
1178 2048 1218 2096 se

94 2147 309 2248 praebente,
343 2174 429 2220 cum
468 2147 516 2220 ad
555 2147 877 2220 Salvamterram2
913 2148 1034 2245 ipsius
1066 2149 1217 2244 agmina

94 2277 135 2345 in
156 2275 293 2346 itinere
313 2274 516 2371 intercepti
537 2287 639 2353 sunt,
665 2273 717 2344 ita
737 2270 1005 2345 deficientibus
1026 2297 1218 2344 commea-

94 2399 203 2472 tibus
243 2413 284 2471 ut
324 2397 495 2470 nonnulli
538 2397 679 2470 milites
708 2411 745 2469 et
772 2398 860 2496 equi
894 2396 994 2470 fame
1019 2412 1057 2470 et
1093 2396 1219 2470 inedia

94 2525 289 2622 perempti
318 2548 403 2596 esse
430 2521 629 2596 tradantur
641 2525 667 2592 ³.
683 2523 862 2618 Quinimo
879 2522 1096 2620 quindecim
1110 2525 1218 2594 annis

94 2650 266 2747 peractis
291 2663 329 2721 et
360 2646 536 2747 Philippo
567 2651 630 2720 lll.
671 2647 828 2719 alteram
859 2646 1142 2746 expeditionem
1181 2650 1218 2718 in

94 2774 329 2871 Aragoniam
371 2772 550 2859 ducente,
590 2798 676 2844 cum
710 2773 786 2870 jam
828 2775 1030 2871 Pyrenaeos
1070 2788 1219 2846 montes

96 2901 221 2998 eopiae
279 2900 583 2998 superavissent,
638 2895 740 2970 haud
795 2896 958 2970 absimili
1012 2896 1126 2970 modo
1180 2924 1219 2970 re

97 3023 347 3097 frumentaria
362 3039 578 3097 caruerunt.

146 3149 258 3222 Anno
272 3174 361 3221 vero
374 3150 719 3235 M.CC.LXXX.V.,
739 3147 915 3247 Philippo
937 3150 999 3219 lll.
1022 3147 1216 3236 defuncto,

95 3274 200 3346 filius
239 3275 334 3372 ejuS,
369 3273 567 3372 Philippus
601 3275 680 3359 lV.,
719 3275 949 3372 cognomine
976 3301 992 3343 u
1021 3272 1216 3346 Pulcher»

97 3425 260 3499 regnum
296 3399 480 3487 obtinuit3
509 3423 585 3497 quo
615 3413 800 3495 regnante
833 3399 967 3470 Franci
999 3397 1219 3470 diuturnum

97 3525 313 3624 durumque
335 3523 478 3596 bellum
501 3521 799 3596 Flandrensibus
822 3522 1045 3609 intulerunt,
1069 3547 1227 3596 necnon·

97 3676 165 3724 rex
182 3652 265 3748 ipse
292 3651 432 3748 saepius
448 3647 749 3721 administrando
774 3649 956 3722 exercitui
980 3646 1143 3746 praefuit.
1167 3651 1221 3721 Ex

98 3773 270 3872 ejusdem
292 3777 415 3848 aetatis
436 3773 636 3846 annalibus
657 3775 831 3846 novimus
847 3771 1111 3872 expeditiones
1135 3771 1220 3844 illas

137 4011 163 4064 l.
184 4007 260 4062 Bibl.
275 4017 347 4070 nat,
363 4028 416 4061 ms
434 4009 482 4061 lat.
498 4009 567 4060 6222
577 4026 600 4074 c,
619 4008 638 4059 f.
657 4008 682 4061 8.

136 4097 162 4148 2.
186 4093 292 4149 Gallice
308 4096 475 4148 Sauveterre
486 4115 520 4148 en
535 4095 638 4156 Bearn,
655 4096 720 4164 dep.
733 4093 939 4164 B.-Pyrenees,
957 4111 1014 4148 arr.
1030 4092 1147 4146 Orthez.

137 4182 162 4234 3.
185 4179 268 4233 C.-v.
283 4181 435 4242 Latiarem,
451 4182 490 4234 Le
505 4182 589 4250 regne
604 4177 784 4252 dePlrilippe
798 4179 853 4245 III,
867 4196 896 4247 p.
913 4178 975 4228 106.
