3044 5082
541 441 590 456 ..
617 399 662 473 19
685 441 736 458 ..

73 577 172 638 sem,
191 574 339 624 necnon
356 566 512 626 centum
528 567 567 626 et
581 554 717 651 viginti
738 567 850 626 aetate
866 550 1018 626 adultos
1034 553 1200 655 armige-

73 703 141 750 ros
162 703 207 750 ca
226 675 289 750 die
308 676 450 751 milites
470 677 593 752 factos
617 704 683 751 rex
702 676 888 778 praeclaro
908 677 1062 750 militari
1085 705 1198 778 appa·

72 818 174 891 ratu,
193 805 293 876 inter
311 804 481 875 Franciae
498 801 607 888 fines
626 801 808 876 decorare
825 805 862 874 in
882 805 1008 876 animo
1023 803 1196 877 haberet.

124 931 192 1002 Sin
208 943 335 1002 autem
350 927 458 1000 illum
478 927 710 1027 peculiarem
731 944 962 1002 conventum
982 931 1197 1029 praetermi·

73 1055 189 1143 seris,
208 1080 274 1126 rex
289 1051 354 1127 ille
368 1055 484 1127 toties
505 1077 616 1126 suum
637 1056 844 1128 exercitum
859 1053 1116 1142 Attrebatum,
1136 1054 1197 1128 vel

73 1181 114 1250 in
147 1178 263 1253 alium
283 1177 449 1265 locum¹,
476 1181 515 1249 in
545 1177 732 1252 Flandriae
758 1178 889 1254 limine
909 1181 1039 1266 situm,
1066 1178 1197 1278 colligi

69 1305 203 1403 jussit,
224 1305 543 1404 quotiescumque
562 1301 862 1377 Flandrensibus
877 1303 1022 1378 bellum
1038 1304 1195 1392 indixit3

74 1457 165 1529 quae
185 1455 320 1504 omnes
334 1429 631 1503 convocationes
643 1427 690 1501 ad
704 1431 826 1503 instar
836 1431 1079 1529 sequentium
1092 1429 1197 1504 litte·

75 1555 361 1654 rarumAngliae
373 1556 454 1656 regi
463 1553 886 1654 eidemquellquitaniae
898 1553 1198 1629 ducimissarum

75 1681 199 1754 scribi
219 1680 422 1755 solebant:

121 2021 316 2111 Philippus,
338 2019 399 2086 Dei
423 2019 529 2113 gratia
550 2021 756 2084 Francorum
777 2043 846 2100 rex,
864 2020 946 2085 karo
964 2020 1033 2085 lilio
1051 2033 1084 2086 et
1105 2019 1198 2088 fideli

75 2129 281 2197 nostroduci
292 2127 483 2217 Aquitanie,
495 2126 548 2192 vel
560 2129 631 2215 ejus
647 2126 756 2191 locum
770 2126 899 2191 tenenti
910 2126 943 2192 in
956 2127 1049 2214 dicto,
1062 2128 1196 2210 ducatu,

76 2239 220 2304 salutem
236 2250 269 2302 et
282 2233 510 2301 dilectionem.
528 2235 624 2312 Cum,
639 2248 779 2322 propter
796 2233 910 2322 plures
930 2233 1195 2316 inobedieneias‚

76 2369 141 2435 per
162 2343 318 2409 comitem
341 2355 374 2407 ct
400 2355 517 2433 gentes
538 2339 694 2406 Flandrie
713 2339 810 2405 nobis
832 2354 865 2404 ct
890 2341 1053 2407 mandatis
1073 2342 1199 2408 nostris

76 2454 196 2532 lactas,
213 2450 254 2515 de
274 2447 476 2541 integrando
498 2461 531 2513 et
552 2445 753 2536 complendo
775 2461 930 2514 contenta
950 2449 984 2512 in
1004 2462 1145 2514 tractatu
1166 2464 1200 2515 et

76 2557 262 2625 concordia
277 2555 369 2645 pacis
389 2555 477 2620 inter
499 2578 560 2619 nos
580 2569 612 2619 et
634 2553 726 2641 ipsos
746 2553 843 2634 sacta,
870 2553 997 2642 pluries
1021 2555 1196 2646 requisiti3

76 2667 194 2732 habita
215 2689 316 2752 super
337 2664 402 2728 hoc
423 2687 497 2726 cum
523 2660 661 2750 prelatis
685 2675 718 2726 et
743 2661 927 2726 baronibus
944 2663 1069 2728 nostris
1101 2663 1201 2753 plena

78 2771 338 2850 deliberatione,
360 2770 402 2834 de
428 2769 579 2858 ipsorum
608 2767 750 2833 consilio
772 2792 839 2833 non
863 2768 1031 2856 possimus
1057 2769 1200 2858 amplius

78 2879 261 2956 sustinere,
281 2877 362 2967 quin
381 2877 473 2964 ipsos
498 2876 539 2941 ad
558 2875 741 2940 tenendum
761 2889 794 2940 et
816 2875 1053 2964 complendum
1073 2876 1106 2940 in
1127 2877 1200 2966 ipsa

78 3011 163 3076 pace
185 2997 342 3051 contenta
361 2983 521 3048 faciamus
544 2981 702 3070 compelli
729 3009 736 3046 :
762 2982 875 3062 vobis,
902 2984 964 3047 sub
983 2983 1142 3048 fidelitate
1167 2997 1200 3050 et

78 3093 280 3160 obediencie
309 3090 424 3156 debito
445 3114 511 3180 quo
539 3089 636 3154 nobis
656 3088 831 3169 tenemini,
852 3089 1048 3155 mandamus
1072 3104 1105 3154 et
1129 3090 1199 3156 dis-

76 3201 180 3266 tricte
195 3199 401 3288 precipimus
416 3197 585 3286 quatinuS,
602 3195 636 3260 in
655 3195 825 3284 quindena
843 3195 988 3284 proximi
1008 3197 1083 3262 festi
1104 3198 1199 3264 beate

79 3305 187 3373 Maric
213 3305 424 3398 Magdalene,
444 3303 533 3392 apud
554 3303 765 3368 Attrebatum
797 3301 962 3367 intersitis
992 3303 1026 3367 in
1051 3304 1152 3368 armis
1168 3317 1201 3369 et

79 3414 191 3503 equis,
221 3412 404 3490 secundum
440 3425 545 3475 status
576 3409 678 3474 vestri
712 3409 917 3487 decennium,
950 3425 1200 3476 summouentes

80 3545 199 3587 omnes
214 3519 368 3584 homines
382 3531 415 3583 et
430 3516 583 3583 subditos
596 3529 737 3596 vestros,
750 3529 781 3580 et
794 3515 1010 3609 injungentes
1026 3517 1153 3584 eisdem
1165 3531 1202 3584 ut

117 3788 144 3840 1.
164 3785 246 3838 Anno
255 3781 437 3836 M.CCC.llI.
452 3779 751 3842 velM.CCC.IV.,die
765 3779 901 3832 Mercurii
912 3790 979 3851 post
988 3783 1090 3836 festum
1102 3785 1203 3837 S.Bar·

80 3873 161 3926 nabae
177 3867 451 3941 apostoli,Philipus
467 3865 528 3926 IV.‚
543 3867 717 3917 Francorum
731 3882 791 3926 rex,
807 3865 943 3918 Eduardo
955 3867 989 3928 1.‚
1003 3867 1066 3937 regi
1080 3867 1200 3938 Angliae,

82 3955 202 4028 scripsit
215 3965 245 4008 ut
262 3953 318 4006 sibi
334 3953 369 4004 ad
388 3950 495 4004 bellum
508 3950 537 4002 in
552 3949 742 4002 Flandrenses
762 3950 927 4019 profecturo
943 3969 1059 4022 operam
1076 3953 1201 4009 debitam

82 4040 183 4109 ferret,
194 4050 223 4093 et
235 4037 447 4102 S.·Quintinnm
457 4035 565 4088 veniret
580 4051 642 4086 cum
653 4034 735 4106 equis
746 4042 774 4086 et
787 4033 874 4086 armis
887 4045 985 4088 octava
1000 4037 1046 4089 die
1061 4047 1128 4107 post
1142 4040 1201 4092 les·

82 4139 142 4183 tum
158 4127 187 4181 S.
201 4124 290 4186 Petri,
306 4124 420 4175 ineunte
437 4139 533 4173 mense
548 4117 682 4189 Augusti.
702 4118 754 4173 Ed.
773 4138 787 4170 a
803 4119 1134 4192 Champollion-Figeac,
1151 4125 1201 4196 qui

21 4251 23 4257 -
82 4213 196 4269 litteras
211 4209 277 4264 illas
290 4226 362 4262 anno
374 4205 542 4262 M.CCC.ll.
559 4206 640 4257 datas
653 4203 743 4257 fuisse
757 4203 962 4274 arbitrabatur,
978 4223 1025 4277 op.
1041 4207 1100 4270 cit,
1118 4209 1156 4272 II,
1172 4209 1198 4264 9.
