3044 5082
491 353 869 458 *...9.„'

171 569 187 610 u
209 541 386 612 Preterea
403 541 478 628 vix,
493 554 555 612 aut
571 525 790 643 numquam,
806 554 907 612 stare
924 553 1055 640 potest
1075 562 1235 638 magnus

117 665 309 770 exercitus
342 663 406 737 diu
436 667 473 736 in
506 663 591 736 loco
614 691 704 753 uno,
727 667 817 764 quin
848 663 1006 736 multum
1030 679 1239 763 graventur

117 789 269 862 nobiles
280 789 469 875 homines
489 816 534 862 ex
553 789 685 862 subtili
702 793 916 862 materia-et
928 771 1102 894 passibili
1122 771 1236 887 gene-

116 917 190 986 rati
214 929 253 988 et
272 915 419 1000 nutriti,
446 914 593 987 calores
614 917 756 995 estivos
777 917 966 988 sustinere
991 928 1030 987 et
1050 908 1236 986 deffectus
1289 909 1291 914 ’

116 1043 381 1138 preciosorum
412 1026 654 1130 victualium·¹
669 1067 745 1113 non
775 1043 917 1113 assueti
946 1013 1139 1124 tollerare,
1164 1063 1236 1111 nec

117 1165 214 1237 alios
241 1164 539 1238 innumerabiles
569 1164 755 1251 delectus
800 1167 863 1264 qui
902 1189 971 1264 per
1008 1165 1162 1264 longam
1199 1180 1237 1238 et
1313 1251 1317 1258 Ι

117 1290 357 1389 frequentem
397 1276 677 1390 experienciam
715 1293 836 1389 magis
871 1316 984 1388 quam
1018 1289 1110 1362 alias
1148 1292 1237 1362 sciri
1314 1261 1319 1279 ⁸

118 1431 283 1514 possunt
304 1415 349 1489 et'
367 1418 656 1514 cognoscisnec
678 1418 815 1488 ectiam
847 1417 950 1513 equi,
973 1430 1032 1488 tot
1061 1429 1098 1486 et
1125 1417 1234 1502 tanti,

120 1544 159 1613 in
179 1567 246 1612 sua
261 1539 487 1613 fortitudine
507 1555 671 1641 possunt
691 1543 729 1613 in
751 1567 824 1613 una
849 1540 975 1639 platea
994 1539 1139 1613 tamdiu
1155 1565 1238 1638 per-

118 1691 286 1772 manere,
335 1683 492 1764 propter
535 1663 742 1738 deflectam
781 1665 1016 1756 victualium,
1051 1664 1236 1737 bonarum

118 1817 316 1889 aquarum,
337 1806 375 1864 et
394 1790 700 1862 habundanciam
713 1802 928 1890 muscarum
948 1815 1022 1888 que
1040 1815 1085 1862 ex
1105 1803 1238 1888 putre-

120 1916 286 1988 factione
307 1930 345 1988 et
360 1918 607 2014 corruptione
622 1930 867 2014 generantur.

171 2069 188 2111 r
210 2044 319 2126 Item,
338 2039 479 2113 milites
494 2043 653 2138 juvenes
675 2055 713 2114 et
729 2040 856 2130 calidi,
874 2043 951 2113 cito
977 2053 1175 2138 sperantes
1196 2065 1238 2112 se

118 2167 317 2238 victoriam
333 2164 532 2238 habituros
546 2180 584 2238 et
602 2165 751 2238 deloco
768 2165 982 2238 obsidionis
1001 2189 1234 2249 recessuros,

120 2317 197 2362 non
216 2305 368 2363 servant
392 2290 606 2363 doctrinam
626 2317 739 2388 quam
754 2293 856 2363 Deus
877 2293 1111 2363 exercituum
1131 2289 1239 2362 dedit

118 2419 249 2502 Josue,
267 2441 337 2488 suo
350 2417 569 2516 pugnatori,
586 2414 718 2488 dicens
730 2412 748 2485 <i
764 2431 896 2512 egesta
908 2415 1024 2487 humo
1040 2417 1235 2514 operies».

121 2545 169 2614 Et
196 2541 269 2613 hoe
298 2539 392 2613 dicit
428 2539 492 2613 ille
526 2566 696 2613 summus
736 2539 985 2626 medicorum,
1021 2543 1138 2629 Deus
1174 2542 1239 2639 qui

120 2669 249 2738 omnia
264 2665 368 2738 videt
383 2680 587 2764 antequam
603 2667 792 2750 eveniant,
807 2667 894 2764 quia
908 2664 1060 2764 putrida
1070 2679 1107 2738 et
1122 2664 1240 2738 fetida

121 2817 249 2864 aerem
274 2806 536 2889 corrumpunt,
567 2807 605 2864 et
639 2817 703 2863 aer
729 2790 893 2863 infectus
924 2793 1051 2864 statim
1086 2792 1241 2888 attingit

121 2916 170 2988 ad
186 2941 252 2988 cor
271 2931 311 2988 et
326 2942 394 3016 per
409 2915 629 3014 pulmonem
651 2931 689 2988 et
709 2916 781 2988 alia
799 2915 968 2988 membra
988 2915 1241 3000 nobilia,cau-

123 3056 184 3114 sat
218 3040 459 3113 infirmitates
499 3055 538 3112 et
572 3043 695 3113 varias
729 3040 1015 3114 debilitationes
1049 3055 1240 3138 pugnato-

122 3167 272 3237 rum1.»

173 3289 321 3384 Quibus
337 3292 572 3388 praescriptis
584 3316 697 3388 quam
713 3293 823 3362 triste
838 3289 1109 3362 lumencastris
1126 3291 1242 3385 agmi-

123 3395 316 3512 nibusque
328 3413 563 3488 illiusactatis
585 3413 787 3488 adhibetur
801 3419 807 3486 !
823 3417 1043 3492 Orationem
1058 3438 1148 3485 vero
1160 3439 1241 3512 pcr-

124 3537 325 3638 sequendo
347 3538 550 3612 Petrusde
570 3543 693 3612 Bosco
717 3539 886 3612 hostium
907 3564 1031 3614 mores
1058 3537 1243 3610 describit

125 3662 293 3760 inregno
309 3663 537 3751 Arelatensi,
552 3668 739 3763 terrisque
753 3667 848 3736 citra
860 3664 1243 3737 RhenumetinLom·

62 3875 65 3879 ,
129 3796 261 3869 bardia
289 3826 296 3868 :
324 3826 340 3868 α
363 3796 609 3871 Confidentes
631 3798 830 3892 (videntur)
850 3797 897 3870 de
918 3823 985 3869 sua
1004 3798 1241 3895 experiencia

127 3937 165 3996 et
180 3921 459 3996 consuetudine
472 3922 667 4022 pugnandi
681 3921 783 3996 aede
798 3926 875 3996 suis
891 3921 1240 4006 multislortaliciiS,

160 4183 185 4233 1.
212 4177 287 4234 ΒίΝ.
303 4189 375 4244 nat,
388 4199 439 4234 ms.
455 4181 504 4236 lat.
519 4183 619 4244 errae,
637 4183 653 4238 f,
670 4183 695 4237 2.
