3044 5082
752 394 949 469 ...30-

293 547 470 620 universa
503 545 770 634 corrodebant,
793 563 836 622 ut
863 573 911 621 ne
938 546 1134 620 lucernam
1167 545 1322 646 quidem
1350 544 1411 619 vel

293 669 457 744 salinum
472 673 512 744 in
533 671 624 746 villa
644 686 709 745 aut
728 671 843 746 domo
864 671 990 771 aliqua
1009 671 1272 771 relinquerent
1286 672 1312 741 ¹.
1337 701 1354 742 n

342 799 409 869 His
429 812 556 871 autem
570 796 679 870 malis
697 795 791 896 quid
809 795 967 872 remedii
984 796 1118 871 afferre
1132 812 1278 897 posset,
1297 798 1411 870 Nico·

293 920 376 994 laus
392 920 441 995 de
451 921 697 1024 Clemangiis,
712 937 886 996 extremo
897 924 936 994 in
950 925 1108 1022 script0‚
1122 935 1268 996 attenta
1283 935 1411 995 mente
1494 963 1495 990 t

293 1046 511 1147 quaerebat3
534 1073 658 1147 neque
685 1046 788 1120 aliud
809 1072 969 1146 usquam
995 1046 1211 1147 reperiebat
1234 1072 1348 1146 quam
1370 1060 1411 1118 ut
1494 1033 1495 1044 ἶ

294 1197 541 1272 magnacum
566 1175 619 1246 rei
641 1171 899 1248 frumentariae
920 1171 1055 1246 sedulo
1082 1171 1354 1246 contrahendae
1372 1186 1411 1245 et

293 1299 389 1372 scite
407 1295 678 1397 dispensandae
698 1297 964 1397 provideretur
978 1300 1005 1368 ².

328 1543 354 1598 1.
375 1541 508 1620 Epistola
520 1544 555 1597 N.
568 1541 603 1598 de
623 1541 795 1614 Glemangiis
809 1541 850 1597 od
870 1541 1028 1598 Iohannem
1043 1540 1079 1597 de
1107 1542 1251 1607 Gereonio,
1266 1541 1410 1598 cancella-

293 1627 366 1682 rium
381 1627 504 1682 ecclesie
514 1628 701 1692 Parisiensis,
718 1649 768 1700 pp.
782 1629 894 1682 too-64.

328 1713 396 1768 2.E
437 1714 581 1782 mandato,
620 1713 756 1768 vicesimo
802 1713 889 1769 tertio
931 1714 977 1767 die
1011 1714 1118 1767 mensis
1165 1712 1299 1786 Augusti,
1335 1732 1408 1767 anno
1495 1777 1496 1798 Χ

294 1797 509 1852 M.CCC.LX.1.
531 1817 547 1850 a
568 1798 727 1861 Ludovico,
744 1799 879 1852 Navarrae
901 1799 1016 1861 intente,
1038 1799 1073 1851 ad
1094 1798 1279 1852 castellanum
1299 1798 1410 1852 Sancti·
1495 1799 1496 1806 ’

291 1881 430 1936 Johaunis
449 1883 484 1936 de
508 1883 703 1938 Pede-Portus
723 1884 853 1952 missum,
875 1884 1019 1956 quomodo
1044 1884 1071 1936 ei
1088 1884 1295 1955 providendum
1319 1885 1411 1936 risum

293 1966 396 2020 eritne
416 1967 527 2034 armati,
546 1968 670 2021 victuum
691 1969 884 2039 parandorum
904 1986 1001 2038 ouusa,
1017 1968 1094 2021 vicos
1109 1978 1137 2020 et
1158 1967 1256 2030 urbes,
1271 1977 1302 2021 ut
1324 1986 1411 2038 supra

293 2053 432 2124 seriptum
447 2062 501 2115 est,
511 2053 883 2124 popularenturinvenimus
900 2074 905 2104 :
921 2074 935 2104 n
950 2052 1096 2106 castellan
1108 2054 1143 2106 de
1159 2053 1340 2108 Saut-Johan.
1350 2053 1410 2106 Nos

292 2155 406 2191 eremos
431 2137 506 2190 dudo
527 2138 738 2209 seguriamento
773 2158 789 2190 n
813 2139 856 2191 las
872 2147 972 2210 gentes
998 2139 1045 2191 del
1068 2148 1149 2191 conte
1171 2137 1369 2209 d’Armnyneo‚
1387 2138 1412 2190 lu

293 2223 375 2293 eopia
399 2223 445 2276 del
461 2223 546 2294 quoal
561 2241 612 2276 vos
630 2223 782 2277 imhinmos
797 2243 803 2286 ;
818 2224 843 2276 si
860 2241 911 2276 ros
936 2223 1101 2276 mundemus
1123 2241 1179 2294 que
1198 2223 1268 2276 eada
1284 2241 1340 2294 que
1361 2240 1411 2275 ros

293 2308 443 2379 sopierdes
457 2325 511 2380 que
526 2306 569 2360 lus
582 2317 682 2379 gentes
702 2309 748 2361 del
769 2307 854 2362 dicho
875 2317 956 2361 conte
973 2309 1078 2360 devrnu
1094 2307 1183 2374 venir,
1199 2325 1250 2360 vos
1266 2317 1412 2378 transpor-

292 2393 373 2446 tedes
384 2392 411 2448 al
424 2401 551 2446 extremo
575 2392 621 2446 del
643 2393 727 2446 dicho
743 2411 831 2464 regno
849 2411 903 2464 por
927 2392 1089 2463 complecer
1103 2403 1131 2446 et
1146 2393 1264 2464 exeguir
1285 2392 1312 2446 el
1328 2391 1411 2445 dicho

292 2487 410 2530 nuestro
426 2478 648 2548 seguriamento‚
665 2487 694 2530 et
709 2479 867 2549 provendes
881 2496 915 2530 en
932 2488 993 2532 esto
1007 2495 1121 2530 manera
1137 2496 1192 2550 que
1206 2479 1326 2549 digades
1341 2497 1356 2529 a
1369 2477 1411 2531 las

292 2561 391 2615 diohns
402 2573 501 2632 gentes
516 2572 544 2615 et
559 2582 575 2615 a
594 2562 638 2616 los
654 2563 818 2634 capitaneos
834 2582 888 2634 que
901 2581 1001 2616 rerrnu
1014 2581 1066 2616 con
1080 2563 1164 2616 eiilos
1175 2581 1243 2634 que,
1256 2583 1311 2634 por
1327 2584 1411 2619 razon

292 2665 397 2719 queen
416 2647 442 2700 el
463 2665 552 2717 reguo
568 2667 603 2719 ny
618 2657 702 2717 grant
716 2649 839 2702 carestia
854 2649 889 2701 de
911 2649 1028 2712 vinndus
1044 2658 1072 2701 et
1095 2667 1130 2719 ay
1151 2647 1270 2702 muohos
1295 2649 1409 2722 logares

292 2732 389 2786 chinus
404 2733 441 2785 do
456 2733 573 2786 muches
589 2751 771 2804 compnymm,
788 2751 843 2785 uon
857 2723 979 2805 podrian
995 2751 1043 2785 ser
1063 2732 1235 2803 albergadas
1251 2734 1280 2786 ni
1292 2735 1410 2788 vituilln-

292 2818 548 2888 dns,que0rdeneu
561 2836 594 2870 su
606 2819 731 2889 passadn
746 2836 780 2870 en
795 2829 857 2871 estu
870 2837 985 2870 munera
997 2837 1097 2890 queen
1106 2837 1161 2871 uua
1174 2820 1342 2891 eompnynie
1358 2839 1410 2873 nou

292 2921 381 2974 vayau
410 2903 492 2955 sinon
523 2921 575 2958 ux.
599 2901 735 2956 hombres
758 2903 883 2956 d'armas
907 2921 959 2955 con
983 2902 1061 2954 lures
1088 2902 1208 2965 bestius,
1238 2903 1358 2958 maletus
1384 2913 1410 2956 et

294 3005 421 3049 remeses,
441 3007 456 3038 a
474 2987 557 3058 guise
574 2988 609 3039 de
624 2996 724 3057 gentes
740 2988 766 3039 d'
779 3006 883 3049 armes,
905 2999 933 3041 et
954 3005 1009 3058 que
1026 2987 1166 3058 aqueillos
1184 3006 1236 3041 nx.
1254 3007 1322 3041 seen
1344 3007 1410 3042 acu-

293 3071 377 3141 gidos
390 3090 424 3124 en
436 3072 480 3124 los
493 3071 608 3142 lognres
620 3073 755 3126 oerrndos
770 3091 825 3124 une
837 3072 938 3140 nuche,
954 3072 1094 3142 proveido
1107 3091 1162 3143 que
1175 3091 1191 3124 a
1205 3071 1233 3124 ia
1246 3073 1364 3125 entrnda
1376 3074 1410 3126 de

293 3156 321 3208 ln
334 3156 400 3208 villa
415 3155 531 3210 deissen
546 3157 588 3210 las
604 3175 697 3210 armas
711 3157 736 3208 al
751 3157 858 3226 sloede,
871 3158 991 3228 jurados
1006 3167 1033 3210 et
1049 3156 1185 3210 hombres
1202 3156 1312 3212 buenos
1328 3159 1363 3212 de
1385 3158 1411 3210 la

292 3239 361 3293 villa
372 3242 444 3312 quin
460 3252 522 3295 esto
536 3243 613 3296 fener
627 3261 712 3294 seran
728 3243 932 3306 ordeuados,et
943 3243 969 3294 al
982 3253 1045 3296 otro
1059 3243 1106 3294 din
1121 3261 1269 3314 mynden,
1281 3244 1362 3297 fuera
1377 3244 1410 3296 de

293 3325 321 3378 ln
332 3325 409 3389 villa,
430 3327 466 3379 lis
480 3346 564 3380 seron
583 3327 718 3380 reudidas
735 3328 779 3380 sin
801 3327 970 3381 diminution
990 3326 1103 3398 algune.
1116 3327 1151 3381 Et
1167 3346 1202 3380 en
1214 3347 1282 3382 ceso
1302 3347 1357 3400 que
1370 3330 1411 3381 las

293 3429 387 3464 ermes
403 3431 458 3465 non
473 3413 607 3483 querrinu
619 3413 742 3476 deissar‚
757 3413 801 3464 los
815 3413 932 3483 fagades
942 3411 1076 3482 albergnr
1088 3432 1123 3464 en
1139 3412 1183 3464 los
1197 3414 1318 3466 ravalles
1332 3415 1411 3467 fuera

293 3496 329 3548 de
344 3495 389 3549 los
407 3497 521 3567 logares
544 3499 680 3551 oerrndos
700 3506 728 3550 et
742 3498 779 3549 lis
795 3498 912 3567 segades
925 3498 978 3550 dar
995 3498 1111 3549 viaudas
1127 3516 1181 3568 por
1201 3497 1279 3551 lures
1295 3498 1411 3552 diueros

293 3581 431 3652 aqueillas
443 3599 498 3653 que
513 3591 619 3635 mester
632 3602 727 3636 arran.
741 3583 777 3635 Et
788 3600 822 3634 en
837 3591 900 3634 esta
910 3600 1025 3634 mouera
1034 3600 1089 3653 que
1101 3601 1207 3654 passeri
1223 3601 1276 3652 por
1286 3582 1312 3636 el
1328 3583 1412 3636 dicho

293 3684 390 3736 regno.
405 3667 509 3720 Datum
521 3676 553 3720 ut
565 3685 652 3737 supra
664 3666 874 3740 (Pampelouae),
890 3686 962 3721 anno
978 3667 1047 3720 .LX.
1062 3667 1189 3738 primo.»
1202 3669 1247 3722 ed.
1261 3669 1411 3736 Erremus,

294 3785 344 3836 pp.
361 3766 452 3818 79·80.
