3044 5082
41 722 46 732 ⁴
169 791 248 882 nu
281 791 683 886 annacnuun
715 797 1145 890 conuulsum

94 1017 261 1074 TERTIO
295 1019 468 1076 DECIMO
505 1021 563 1076 ET
596 1021 777 1099 QUARTO
812 1023 986 1078 DECIMO
1020 1015 1212 1080 SAECULIS

378 1171 487 1227 POST
521 1173 751 1229 CHRISTUM
783 1173 938 1231 NATUM

519 1667 796 1740 PROOEMIUM

148 1869 291 1954 Omnes
308 1865 386 1940 lere
402 1865 589 1955 historici,
608 1865 735 1966 quide
754 1868 800 1940 iis
815 1881 989 1964 egerunt,
1012 1870 1214 1942 sententiae

98 1992 210 2090 hujus
232 2017 253 2064 a
273 1993 481 2064 novissimo
503 1993 690 2090 scriptore
706 1991 864 2090 prolatae
879 1993 888 2038 ¹
906 1993 1113 2092 participes
1130 2019 1216 2066 esse

98 2115 298 2190 videntur:
315 2145 332 2187 «
350 2117 517 2214 Antiqua
528 2115 683 2216 quidem
700 2131 826 2204 aetate,
844 2141 994 2190 necnon
1015 2119 1053 2190 in
1069 2143 1113 2190 ea
1131 2145 1216 2217 quac
1324 2114 1327 2122 “

100 2240 225 2315 media
243 2255 335 2314 aetas
356 2239 508 2327 dicitur,
523 2243 757 2314 exercituum
770 2239 901 2327 duces,
918 2245 982 2341 qui
996 2243 1034 2313 in
1046 2268 1092 2314 eo
1108 2257 1216 2316 erant

100 2368 402 2441 utintravicinos
415 2381 632 2440 remotosve
645 2365 739 2440 fines
751 2366 1057 2466 ingrederentur,
1073 2367 1216 2440 nullam

99 2491 146 2564 ad
167 2505 404 2564 commeatus
431 2506 469 2565 et
495 2517 574 2564 rem
602 2491 887 2564 frumentariam
908 2517 1036 2564 curam
1058 2491 1216 2565 adhibe-

98 2617 204 2703 bant,
228 2642 273 2688 ex
294 2643 369 2715 quo
390 2642 525 2714 reapse
541 2616 656 2688 fiebat
670 2631 724 2706 ut,
747 2617 915 2689 hostium
931 2619 1033 2714 agris
1051 2619 1216 2690 civitati-

99 2742 249 2842 busque
269 2744 481 2840 occupatiS,
506 2741 643 2814 milites
664 2766 906 2840 quocumque
924 2741 1215 2815 -cibariorum

100 2869 221 2966 copiae
235 2864 525 2966 suppeditanda}
545 2868 675 2965 reique
689 2867 945 2946 frumentariae
958 2867 1216 2941 convehendae

100 3019 214 3064 causa
257 3037 306 3046 -
351 2990 689 3090 depopulationem
732 2991 932 3078 inferrent3
984 2993 1086 3090 agris
1127 3018 1217 3065 vero

98 3119 290 3216 tectisque
336 3119 492 3190 omnino
520 3119 789 3216 pervastatis,
841 3119 1012 3216 receptui
1065 3119 1216 3216 signum

99 3242 255 3316 daretur
275 3243 506 3342 militesque,
529 3240 657 3340 praeda
679 3241 825 3328 abacta,
858 3241 904 3314 ad
931 3242 1014 3315 foca
1041 3241 1217 3340 regrede-

100 3383 242 3442 rentur.
267 3369 333 3439 His
353 3365 493 3441 addere
513 3366 603 3440 licet
628 3393 783 3466 campos
811 3367 857 3438 ab
882 3367 1058 3440 hostibus
1088 3369 1214 3456 victis,

100 3495 164 3591 qui
180 3493 266 3566 loco
300 3492 525 3566 recederent
541 3517 659 3591 seque
679 3495 908 3590 reciperent,
929 3491 1065 3564 eodem
1086 3491 1214 3581 m0d0,

100 3644 174 3717 quo
211 3632 372 3700 ceteros,
413 3632 583 3691 vastatos
611 3617 743 3706 fuisse,
775 3614 822 3688 ad
856 3615 1047 3702 victualia,
1077 3617 1216 3715 quibus

100 3742 480 3842 castra,castellaque
494 3757 533 3816 et
544 3741 686 3841 oppida
698 3741 744 3814 ab
756 3740 1028 3815 accedentibus
1041 3741 1217 3814 hostibus

101 3870 352 3955 munirentur,
370 3866 553 3941 tollenda.
574 3895 591 3937 >r

149 3993 328 4066 Nonnulli
350 3993 504 4093 quidem
520 3995 558 4064 in
573 3992 687 4066 medii
702 3994 771 4064 aevi
789 3993 1016 4090 scriptorum
1034 3992 1215 4090 operibus

136 4199 161 4250 l.
187 4198 299 4252 Grande
308 4199 525 4272 Encyclope'die,
538 4207 558 4252 t.
575 4199 628 4262 111,
645 4217 674 4270 p.
690 4199 751 4251 450.

180 4296 384 4340 Furor-Bramme.
395 4319 422 4330 -
432 4299 461 4338 Dc
471 4311 531 4338 exarc.
544 4307 643 4338 commeat.
1130 4295 1140 4334 1
