3044 5082
788 369 983 442 ..22-

326 522 414 608 ries,
438 545 507 596 nec
521 522 737 620 juvencam,
759 545 884 621 neque
914 545 1025 594 ovem
1052 535 1118 594 aut
1145 519 1298 608 bovem,
1320 546 1445 620 neque

325 671 458 718 aucam
479 659 544 720 aut
572 645 732 746 pullum,
763 671 850 718 cum
880 647 1050 720 omniaa
1075 643 1265 718 solidariis
1296 645 1447 720 sublata

324 769 547 844 luissentll
579 769 758 844 domibus
790 773 967 870 casisque
1006 771 1086 844 suis
1117 771 1290 844 rusticuli
1331 771 1446 871 pelle-

325 895 477 982 bantur,
495 893 640 968 durnin
669 894 909 968 molendinos
925 895 1195 994 injiciebantur
1213 895 1376 969 flammae
1409 911 1449 969 ut

328 1045 398 1094 nec
425 1020 502 1118 jam
532 1021 570 1092 in
603 1019 681 1092 ullo
715 1034 859 1094 tectum
892 1023 1193 1121 conspiceretur.
1229 1022 1263 1094 Α
1292 1024 1448 1094 Francis

328 1148 473 1218 interea
491 1142 744 1218 Flandrenses
764 1143 1067 1234 trucidabantur,
1088 1147 1271 1246 parvique
1286 1147 1396 1245 pueri
1413 1160 1451 1219 et

328 1269 507 1343 mulieres
538 1268 685 1369 pavidae
718 1269 906 1344 clamores
941 1268 1236 1370 profundebant.
1274 1273 1369 1344 Cum
1402 1269 1450 1342 ad

327 1396 429 1468 hunc
453 1393 606 1466 modum
622 1409 703 1468 tota
733 1394 797 1468 illa
817 1398 923 1496 regio
947 1398 986 1468 in
1011 1398 1212 1468 maximam
1235 1410 1447 1496 egestatem

330 1517 496 1594 deducta
523 1519 672 1606 fuisset,
700 1545 777 1592 non
800 1520 1013 1594 mirandum
1041 1524 1073 1594 si
1100 1520 1287 1594 Flandriae
1312 1519 1450 1594 finesa

329 1648 559 1718 Francorum
585 1645 815 1718 exercitibus
837 1659 941 1719 tanta
961 1647 1176 1719 vastatione
1200 1645 1333 1718 afflicti
1357 1649 1448 1730 sint,

328 1786 371 1845 ut
390 1772 572 1844 vicesimo
604 1795 703 1842 anno
734 1783 823 1870 post
856 1773 949 1844 istas
987 1769 1283 1870 depredationes
1313 1773 1376 1844 vix
1403 1769 1450 1842 ad

329 1898 533 1996 pristinum
586 1909 725 1968 statum
777 1910 954 1970 revocata
995 1889 1202 1970 videretur.
1234 1899 1316 1969 Jam
1359 1922 1451 1970 vero

331 2046 491 2098 annonae
504 2033 714 2108 curatoreS,
731 2021 868 2094 incolis
883 2023 1180 2122 circumquaque
1198 2021 1449 2121 fugientibus

331 2145 379 2220 ad
413 2160 538 2218 castra
563 2160 805 2218 revertuntur
836 2144 965 2245 praeda
1002 2149 1158 2220 onusti:
1196 2173 1360 2246 quorum
1387 2147 1452 2218 alii

330 2287 490 2344 cruento
505 2286 651 2343 armatu
667 2285 875 2344 onerantur
892 2297 1005 2371 quem
1017 2272 1120 2345 hosti
1128 2271 1303 2372 jugulato
1319 2297 1454 2371 rapue-

331 2413 432 2484 runt,
450 2411 488 2470 et
506 2395 619 2496 paulo
639 2421 726 2468 mox
742 2398 930 2496 armigero
951 2396 1109 2471 cuilibet
1124 2397 1184 2470 vel
1205 2397 1317 2470 militi
1337 2423 1453 2496 quam

330 2524 475 2622 optime
489 2519 660 2594 vendunt
679 2549 686 2606 ;
706 2521 769 2594 alii
782 2547 872 2596 vero
890 2521 1025 2621 spoliis
1046 2525 1156 2622 quasi
1169 2522 1304 2595 hirsuti
1322 2521 1454 2594 viden-

329 2662 392 2720 tur
411 2661 450 2720 et
469 2648 629 2746 spinosi,
652 2661 693 2719 ut
707 2647 872 2720 hericios
892 2672 979 2720 esse
1007 2646 1127 2735 dicae,
1145 2645 1235 2720 dum
1254 2649 1454 2747 Hispanici

332 2770 572 2871 stipendiarii
592 2796 728 2844 vaccas
749 2786 788 2845 et
806 2797 898 2846 oves
913 2774 952 2843 in
967 2775 1039 2845 viis
1053 2799 1132 2873 prae
1151 2797 1193 2846 se
1213 2772 1452 2871 propellunt,

333 2923 484 2971 necnon
508 2896 569 2968 alii
592 2895 779 2970 accedunt
798 2895 978 2970 clamosis
999 2899 1103 2970 aucis
1124 2913 1162 2971 et
1184 2897 1301 2997 pullis
1322 2900 1455 2971 onusti

333 3036 375 3096 ut
393 3024 472 3120 jam
490 3024 552 3093 vix
570 3021 768 3094 hominum
790 3021 926 3095 faciem
952 3022 1216 3123 spectantibus
1236 3023 1452 3122 praebeant.

333 3149 453 3220 Tanta
473 3148 574 3220 enim
599 3145 714 3220 fiebat
734 3146 862 3246 praeda
883 3162 924 3220 ut
953 3146 1091 3220 ribaldi
1115 3148 1314 3245 januarum
1336 3150 1455 3221 etiam

332 3271 477 3345 ferreos
499 3271 688 3358 cardines,
711 3271 964 3372 pessulosque
985 3287 1023 3345 et
1042 3271 1184 3363 clavOS,
1205 3275 1244 3344 in
1269 3271 1456 3346 domuum

332 3396 617 3470 combustarum
629 3396 822 3470 cineribus
836 3413 1023 3497 repertos
1043 3413 1348 3497 comportarent;
1364 3424 1456 3480 cum

333 3521 404 3594 alia
417 3523 535 3621 junci,
558 3521 763 3622 herbaeque
786 3525 825 3594 in
844 3523 1049 3597 fasciculos
1070 3523 1261 3621 colligatae
1278 3538 1317 3596 et
1332 3549 1457 3597 avena

332 3645 616 3720 adveherentur
632 3647 657 3718 ¹.
689 3675 706 3719 >J

382 3775 436 3846 Ex
450 3772 510 3845 his
541 3775 658 3872 igitur
676 3771 788 3846 facile
819 3772 1026 3871 intelligas,
1051 3800 1138 3848 cum
1153 3775 1276 3874 copiis
1295 3777 1457 3848 armatis

334 3911 569 3972 commeatus
586 3923 720 3998 parare
740 3923 899 3972 necesse
915 3897 1036 3987 fieret,
1060 3898 1151 3999 quid
1165 3899 1327 3973 ducibus
1344 3926 1455 3999 quae-

370 4185 395 4237 1.
417 4184 504 4238 Guill.
522 4183 634 4248 Guiart,
650 4203 696 4255 ap,
711 4187 746 4237 D.
764 4186 904 4257 Bouquet,
921 4193 940 4238 t.
954 4185 1044 4249 XXII,
1060 4205 1109 4256 pp.
1131 4185 1240 4248 ata-84,
1257 4203 1283 4240 v.
1300 4185 1392 4238 19780
1407 4205 1452 4257 sq,
