2984 5152
553 387 748 458 ..67-

75 535 240 635 Angliae
260 563 364 636 rege,
386 540 424 608 in
445 541 582 610 Scotos
613 553 714 610 mota
734 553 836 623 sunt,
863 541 1089 611 maritimam
1109 537 1210 612 illam

73 677 371 734 commeatuum
414 664 739 761 comparationem
789 689 864 736 non
909 665 1055 734 minimi
1094 663 1211 738 luisse

73 790 287 860 momenti.
318 786 491 887 Exempli
519 790 643 884 gratia
670 814 755 885 quae
783 804 996 887 sequuntur
1020 787 1207 860 advertas.

71 911 272 1003 Quamvis
298 912 397 1011 apud
419 911 582 997 Falkirk,
607 911 816 984 Edwardus
843 917 887 998 l.,
915 916 1052 986 Scotcs
1077 912 1210 986 debel-

70 1035 187 1121 lans,
236 1039 417 1110 vicesima
457 1036 628 1109 secunda
664 1035 727 1110 die
769 1039 910 1112 mensis
952 1037 1059 1126 Julii,
1109 1065 1210 1112 anno

68 1163 418 1250 M.CC.XC.Vlll.,
430 1163 629 1234 victoriam
639 1177 869 1236 consecutus
883 1179 999 1250 esset,
1020 1161 1210 1236 nibilomi-

69 1311 152 1358 nus
169 1289 343 1385 receptui
356 1288 508 1385 signum
524 1288 604 1358 suis
621 1289 777 1360 armatis
795 1286 886 1360 dare
897 1301 1054 1362 coactus
1067 1287 1149 1374 luit,
1163 1314 1208 1362 ea

68 1425 235 1484 tantum
269 1413 501 1484 necessitate
537 1409 640 1510 quod
676 1414 862 1484 onerariae
901 1437 1030 1496 naveS,
1068 1413 1207 1512 quibus

70 1534 231 1607 cibaria
265 1535 400 1608 advehi
424 1533 625 1622 deberent,
658 1561 734 1608 non
763 1535 810 1608 ad
836 1552 1002 1636 portum,
1033 1551 1207 1636 tempore

70 1659 290 1757 praedict0,
334 1659 591 1733 advenissent.
634 1663 689 1733 De
727 1660 867 1759 quibus
902 1664 938 1732 in
978 1661 1118 1734 Galteri
1158 1661 1206 1734 de

72 1785 376 1883 Hemingburgh
413 1786 596 1858 chronico
632 1785 703 1858 hoc
733 1788 918 1884 scriptum
955 1789 1202 1884 reperimus:

75 1937 93 1977 «
115 1911 294 2008 Cumque
311 1910 444 1982 fuisset
464 1910 673 1984 voluntatis
697 1913 801 2009 regie
825 1925 866 1984 ut
881 1926 971 1982 tunc
986 1910 1203 1984 Galwaliam

72 2033 362 2133 ingrederetur,
376 2034 579 2108 deficiente
593 2051 721 2108 tamen
742 2060 840 2135 pane
856 2033 997 2108 defecit
1011 2049 1049 2108 et
1063 2062 1204 2136 propo-

73 2162 199 2232 situm
221 2161 320 2257 ejus;
343 2163 541 2232 nonenim
562 2174 745 2232 venerant
764 2185 880 2232 naves
898 2185 993 2258 quas
1005 2159 1200 2248 credebat,

74 2299 117 2356 et
134 2309 206 2384 per
223 2283 441 2383 quindecim
462 2283 546 2357 dies
566 2299 647 2358 erat
668 2286 706 2355 in
727 2286 864 2358 eastris
882 2283 1001 2358 fames
1020 2284 1157 2358 valida.
1183 2317 1200 2358 a

131 2409 225 2482 lnde
239 2408 379 2482 factum
397 2424 456 2482 est
476 2421 529 2501 ut,
553 2407 727 2506 pluribus
746 2411 855 2480 annis
876 2409 1031 2508 elapsis,
1053 2410 1201 2483 Edwar-

75 2533 155 2606 dus
167 2537 230 2620 ll.,
242 2533 384 2606 bellum
399 2535 536 2607 iterum
548 2534 586 2604 in
597 2536 734 2606 Scotos
752 2548 937 2622 moturus,
951 2537 1082 2608 comiti
1098 2537 1203 2608 Flan-

74 2658 175 2732 driae
191 2657 436 2731 scribendum
452 2657 615 2745 duxerit,
635 2672 677 2730 ut
695 2657 948 2730 Flandrenses
970 2657 1202 2733 Hollanden-

76 2808 223 2881 sesque
254 2784 464 2855 maritimos
487 2780 690 2880 praedones
720 2783 1044 2856 avastationibus
1076 2811 1202 2858 assue-

75 2911 130 2980 tis
153 2909 381 2992 contineret,
401 2932 448 2978 ne
474 2933 559 3006 quae
580 2905 759 2979 victualia
777 2909 814 2977 in
834 2909 1002 2980 Scotiam
1018 2913 1202 2982 onerariae

76 3057 197 3106 naves
213 3031 470 3104 conveherent
492 3033 526 3102 vi
547 3046 585 3104 et
608 3033 724 3104 armis
739 3048 968 3131 caperentur
988 3035 1012 3104 ¹.

129 3161 244 3232 C.-V.
265 3155 458 3255 Langlois,
486 3155 533 3228 ad
558 3182 697 3229 annum
725 3159 1071 3240 M.CC.LXXX.V.,
1095 3173 1201 3234 notat

76 3285 271 3356 exereitus
300 3308 321 3353 a
355 3281 532 3380 Philippo
562 3285 624 3354 lll.
658 3281 795 3354 ductos
826 3281 923 3353 lame
950 3281 1197 3370 laboravisse,

78 3409 255 3506 quamvis
271 3408 308 3477 in
326 3409 542 3506 Hispanicis
563 3435 579 3476 u
609 3406 786 3478 marchiis
807 3436 823 3477 a
847 3405 1004 3478 castella
1024 3409 1200 3480 victuali-

77 3533 151 3605 bus
173 3533 330 3633 copiose
352 3533 538 3604 instructa
562 3546 709 3616 essent,
746 3533 1036 3629 orationemque
1066 3558 1199 3630 prose-

78 3673 192 3731 cutus
210 3659 388 3755 egregius
405 3656 468 3728 ille
484 3658 649 3754 scriptor
669 3655 770 3728 illius
784 3655 894 3728 famis
911 3657 1027 3728 luisse
1048 3683 1196 3745 causas

77 3809 164 3855 cum
176 3781 405 3854 victualibus
422 3807 489 3879 per
503 3809 605 3854 mare
621 3783 880 3855 convehendis
896 3787 1079 3859 minorem
1095 3787 1199 3882 justo

115 4089 140 4140 l.
161 4085 242 4138 Anno
262 4087 344 4146 1310,
366 4086 398 4135 tu
413 4085 459 4136 die
475 4085 656 4146 Novembris,
675 4087 749 4156 apud
766 4087 1197 4159 Berewicum·super-Twedam

78 4175 404 4248 (Berwiclv-ou-Tvveed,
423 4191 495 4226 com.
512 4173 661 4246 Durbam),
679 4177 724 4228 ed.
741 4177 851 4247 Rymer,
868 4177 903 4240 ll,
920 4179 982 4230 177.
