2984 5152
561 350 758 454 3-71-

135 500 252 572 Anno
276 515 406 573 autem
432 501 712 585 M.CCC.X111.‚
737 499 839 572 bello
861 503 897 572 iu
927 499 1179 572 Flandrensea
1200 525 1219 572 a

88 625 329 696 Francorum
363 649 454 721 rege
507 628 643 697 iterum
675 639 794 712 moto,
842 623 1018 722 Philippo
1059 623 1220 698 Pulchro

84 747 239 846 Angliae
258 775 326 822 rex
347 775 423 822 non
436 751 515 848 jam
536 751 715 822 inimicus
730 765 824 828 erat.
844 748 926 837 sed,
944 763 1089 832 eontra,
1109 773 1220 822 vene·

83 886 141 944 rat
162 874 203 942 in
222 876 449 960 amicitiam,
473 877 524 947 ita
545 889 587 946 ut
616 876 699 971 ejus
719 874 854 947 classis
884 899 985 948 mare
1010 873 1219 972 perlustra-

82 998 183 1068 verit
198 1023 253 1070 ne
276 998 531 1072 Flandrenses
550 999 709 1074 advecta
729 1023 770 1071 re
786 998 1030 1072 frumentaria
1045 999 1219 1097 juvaren·

84 1134 163 1207 tur;
182 1147 232 1194 ex
256 1150 335 1223 quo
352 1123 567 1197 factumest
587 1138 628 1196 ut
641 1121 961 1197 Flandrensesilli
977 1149 1024 1196 ex
1040 1123 1219 1196 omnibus

82 1246 226 1319 vicinis
239 1248 465 1348 regionibus
479 1263 694 1323 commeatu
704 1263 742 1322 et
756 1247 912 1347 publico
925 1263 964 1322 et
975 1250 1123 1346 privato
1135 1273 1219 1346 pro·

82 1368 198 1442 bibiti
216 1372 373 1446 fuerint.
405 1401 422 1442 <r
441 1377 483 1445 ln
504 1373 602 1446 lesto
626 1373 887 1472 apostolorum
906 1375 1006 1446 Petri
1025 1387 1064 1446 et
1085 1373 1190 1446 Pauli
1207 1376 1216 1420 ¹

82 1519 148 1565 rex
168 1499 345 1570 Navarre
360 1500 374 1544 ²
392 1513 431 1570 et
444 1523 578 1571 omnes
595 1487 729 1571 iratres
749 1514 787 1571 et
806 1524 966 1598 magnus
987 1501 1217 1570 Francorum

82 1623 283 1694 exereitus
314 1621 416 1720 apud
437 1626 622 1695 Peronam
651 1623 697 1695 ad
730 1621 982 1695 invadendam
1004 1623 1217 1696 Flandriam

82 1763 371 1833 convenerunt,
402 1774 448 1820 eo
474 1747 576 1846 quod
605 1746 805 1847 Flamingi,
828 1751 928 1820 siout
949 1751 1215 1848 promiserant,

84 1891 154 1940 sua
165 1870 358 1944 fortalitia
372 1871 524 1945 diruere
539 1898 613 1943 non
631 1872 828 1944 curabant.
849 1875 926 1946 Rex
942 1887 1067 1946 autem
1079 1873 1220 1970 Anglo·

85 2017 169 2063 rum
199 1999 435 2094 promiserat
462 1996 564 2095 quod
600 2023 703 2070 mare
731 2000 783 2068 ita
816 1996 981 2070 sollicite
1007 1996 1219 2070 custodiret

86 2118 191 2212 quod
210 2121 423 2220 Flamingis
445 2121 622 2194 auxilium
641 2121 701 2193 vel
730 2121 909 2194 victualia
929 2148 1005 2194 non
1029 2125 1216 2207 venirent,

85 2256 122 2312 et
135 2244 385 2318 Francialios
397 2247 597 2344 passusita
614 2246 946 2345 munierantquod
959 2249 1059 2318 omni
1079 2247 1217 2320 auxilio

84 2383 195 2440 erant
221 2369 415 2442 destituti.
449 2372 570 2467 Igitur
591 2370 777 2470 Flamingi
808 2369 855 2442 ad
881 2373 1059 2470 juvenem
1088 2397 1214 2470 regem

85 2493 302 2579 venientes,
332 2495 492 2593 ejusque
521 2493 764 2594 beneplacito
796 2509 1058 2595 supponentes
1089 2499 1215 2570 omnia

85 2638 159 2709 que
179 2634 315 2715 petere
337 2618 453 2692 vellet
474 2621 747 2718 promiserunt.
769 2624 845 2693 Rex
868 2636 994 2694 autern
1017 2625 1072 2694 eis
1091 2621 1216 2695 oredi-

87 2735 142 2811 dit
158 2757 198 2816 et
220 2769 288 2816 eos
310 2743 356 2815 ad
375 2743 678 2817 misericordiam
700 2749 858 2844 recepit.
881 2749 893 2790 ³
920 2775 936 2815 r

360 2951 427 3003 Wel
442 2959 502 3004 tote
518 2969 565 3003 ux.
582 2951 692 3004 dusend
706 2951 847 3022 galeideu,

358 3035 411 3087 Die
425 3037 495 3087 daer
508 3035 645 3088 braehteu
656 3035 809 3088 alrebande
819 3048 894 3106 goat.

361 3120 391 3184 Si
404 3137 508 3172 voeren
521 3121 591 3172 daer
601 3120 694 3189 legen,
704 3130 760 3173 met
774 3131 817 3173 ter
829 3123 913 3184 vloet‚

361 3205 441 3258 Ende
456 3205 601 3274 outfiugeu
617 3206 686 3257 dese
700 3224 809 3276 proyeu

360 3289 512 3358 Blidelilre,
525 3290 596 3342 ende
609 3299 665 3342 met
680 3299 781 3360 groten
792 3309 896 3362 poyen,

361 3373 440 3426 Ende
457 3373 560 3443 gingen
577 3374 659 3426 delen
673 3375 778 3426 sonder
794 3375 912 3428 stridon.

358 3457 411 3509 Die
427 3457 528 3510 viande
544 3466 672 3510 moesten
687 3458 705 3511 t'
722 3457 777 3511 bus
790 3462 866 3512 werd
880 3461 966 3524 liden,

358 3542 390 3592 D'
399 3560 451 3593 een
464 3541 522 3594 lant
535 3560 633 3604 vorari,
642 3542 668 3594 d’
677 3544 766 3595 ander
780 3563 859 3597 naer.

123 3661 268 3732 vamum,
285 3666 399 3737 Spiegel
409 3665 573 3728 historiaal,
587 3666 637 3720 lib.
655 3668 705 3735 IV,
720 3687 781 3738 cap.
800 3669 843 3730 43,
856 3671 900 3722 ed.
914 3671 1033 3741 belong,
1045 3691 1093 3742 pp.
1107 3673 1216 3739 268-69,

123 3746 146 3797 l.
168 3749 313 3802 Vicesima
329 3769 402 3804 nona
418 3751 464 3803 die
479 3752 585 3804 mensis
601 3752 688 3814 lunii,
704 3772 776 3804 anno
791 3755 1001 3824 lll.CCC.Xlll.

128 3831 153 3884 2.
176 3834 233 3898 Qui
242 3845 356 3905 postea,
372 3835 545 3906 quibusdam
558 3837 638 3888 annis
655 3837 774 3908 elapsiS,
787 3839 949 3892 Ludovicus
967 3841 1003 3894 X.
1029 3852 1216 3912 nuncupatus,

93 3909 215 3969 Francioe
232 3936 367 3971 eoronam
382 3920 478 3973 cinxit.
1193 3979 1200 3990 ,

122 4000 147 4053 3.
170 4003 222 4054 His
236 4003 362 4073 scriptor
383 4004 505 4058 addebat
529 4026 534 4056 :
562 4007 648 4058 «sed
673 4006 759 4058 uiebil
781 4009 816 4060 de
844 4008 999 4078 promissis
1022 4018 1213 4063 tenuerunt.»

91 4081 231 4160 Eaecerpta
247 4105 261 4140 e
277 4089 436 4142 memoriali
452 4089 638 4144 historiarum
655 4091 795 4144 lobannis
811 4094 1014 4156 aS.-Victore,
1026 4113 1071 4163 ap.
1087 4097 1121 4147 I).
1138 4097 1215 4148 Bou·

91 4179 164 4236 quet,
179 4173 254 4242 xxl,
269 4173 330 4236 657,
350 4175 421 4230 F·H.
