3044 5082
778 333 971 406 ..20-

315 499 394 551 tunc
421 483 576 550 similiter
603 483 728 548 ibidem
759 483 928 549 intersint.
955 487 1076 550 Datum
1103 481 1295 566 Pontisare,
1316 505 1432 546 xxvur.

312 592 371 686 ¹die
387 591 488 672 lunii,
501 615 587 656 auno
607 590 742 656 Domini
762 591 1004 658 M.CCC.Xlll.
1023 591 1046 654 ¹.

314 819 318 826 ⁸
368 837 461 929 Quae
485 859 572 906 cum
596 833 649 904 ita
673 834 762 918 sint,
790 833 997 931 unicuique
1024 829 1274 904 nihilominus
1298 832 1336 902 in
1357 832 1436 929 opi·

320 959 473 1031 nionem
500 959 627 1030 veniet
655 956 910 1056 stipendiaros
935 982 1085 1031 necnon
1103 955 1256 1028 urbium
1281 954 1437 1027 militias

321 1097 359 1156 et
374 1083 479 1182 ipsos
497 1081 639 1156 milites
655 1084 848 1182 praecipue
868 1083 906 1152 in
928 1081 1096 1154 hostium
1117 1082 1219 1180 agris
1244 1095 1282 1154 et
1303 1081 1437 1152 civita-

322 1207 424 1280 tibus
439 1209 566 1281 omnia
585 1207 699 1307 longe
722 1206 875 1306 lateque
901 1205 1071 1303 affligere
1096 1219 1211 1304 atque
1232 1203 1438 1277 incendere

322 1335 581 1408 consuevisse.
616 1332 763 1427 Quibus
811 1331 859 1406 de
899 1331 1039 1432 praedis
1077 1344 1116 1404 et
1158 1329 1438 1403 vastationibus

322 1457 476 1556 quidam
493 1456 680 1530 bellorum
696 1458 874 1556 scriptor,
893 1458 958 1555 qui
987 1455 1051 1528 illa
1071 1471 1185 1530 aetate
1206 1454 1373 1554 degebat
1402 1469 1440 1528 et

323 1585 383 1655 cui
406 1579 629 1655 Guillelmus
650 1583 780 1654 Guiart
805 1607 944 1654 nomen
967 1595 1061 1668 erat,
1086 1579 1312 1654 clarioribus
1333 1579 1439 1653 colo-

323 1707 428 1780 ribus
446 1705 639 1806 depictam
655 1707 865 1779 orationem
885 1705 1061 1806 praebuit.
1081 1705 1305 1778 Guillelmus
1326 1731 1439 1804 porro

324 1846 456 1905 noster
477 1830 557 1904 fere
588 1829 766 1904 omnibus
787 1813 901 1904 rebus
924 1857 1018 1930 quas
1046 1832 1237 1904 memoriae
1263 1830 1441 1904 tradebat

323 1982 494 2056 praesens
514 1955 696 2029 interfuit.

374 2085 429 2156 De
446 2081 690 2180 expeditione
709 2079 770 2152 hic
785 2083 910 2177 agitur
924 2107 1038 2180 quam
1053 2080 1217 2180 Philippi
1234 2083 1296 2154 lv,
1312 2081 1440 2169 frater,

326 2207 485 2282 Carolus
500 2206 643 2282 Valesii
660 2231 802 2291 comes,
817 2231 916 2279 anno
935 2207 1215 2280 M.CC.XC.lV.
1233 2207 1272 2276 in
1286 2208 1443 2305 Aquita-

325 2334 426 2405 niam
442 2331 561 2404 duxit.
583 2360 600 2401 a
621 2329 770 2403 Ribaldi
788 2355 829 2402 se
843 2332 879 2402 in
896 2332 1002 2402 vicos
1013 2345 1052 2404 et
1063 2329 1211 2403 viculos
1225 2329 1441 2416 effundunt,

325 2459 468 2557 passim
507 2455 728 2530 dilabuntur
776 2455 839 2526 alii
884 2454 971 2540 alic,
1010 2455 1122 2528 fustis
1169 2471 1207 2528 et
1244 2455 1445 2528 securibus

326 2571 472 2669 armati,
492 2580 631 2681 quibus
643 2579 778 2654 incolae
792 2579 1003 2653 tunduntur
1012 2579 1290 2680 pulsanturque
1302 2581 1442 2678 januae.

324 2712 407 2780 lam
445 2705 628 2795 alveolos
673 2709 712 2777 in
760 2704 937 2778 domibus
982 2722 1170 2804 repertos
1220 2703 1443 2803 effringunt,

362 2939 386 2989 1.
409 2938 463 2992 Ed.
484 2937 808 2998 clausorum-Frons,
829 2946 849 2989 t.
871 2937 908 2996 ΙΙ,
936 2955 987 3006 pp.
1003 2937 1099 2989 62-63.
1124 2967 1159 2978 ·-
1174 2937 1317 2989 Mandatis
1340 2937 1447 3008 quibus

233 3037 236 3046 ’
326 3021 423 3092 legati,
445 3040 517 3074 anno
532 3029 649 3092 postero
668 3020 750 3072 missi
768 3038 821 3092 per
837 3029 928 3074 totum
943 3039 1062 3091 regnum
1079 3031 1110 3074 ut
1127 3021 1263 3092 pecunias
1285 3023 1320 3074 ad
1338 3021 1448 3075 bellum

328 3107 505 3178 colligerent,
522 3105 654 3158 instructi
666 3105 790 3173 luerunt,
806 3104 988 3176 cognovimus
1001 3106 1145 3184 quomodo
1157 3106 1362 3176 suprascriptae
1379 3125 1448 3160 con-

327 3191 489 3246 vocationes
501 3189 646 3243 nobilibus
660 3198 688 3242 et
702 3189 848 3258 religiosis
861 3189 994 3259 personis
1003 3208 1111 3244 necnon
1123 3188 1236 3242 urbium
1250 3189 1449 3261 burgensibus

330 3276 559 3348 significarentur
574 3294 579 3326 ε

365 3365 431 3418 «Ce
458 3375 522 3418 sont
546 3364 588 3416 les
612 3363 799 3416 instructions
818 3381 873 3434 que
897 3363 940 3415 les
961 3363 1174 3417 commissaires
1198 3368 1322 3436 envoyes
1346 3385 1402 3436 par
1424 3367 1450 3420 le

328 3469 463 3524 royaume
479 3449 593 3502 doivent
608 3447 678 3500 faire
694 3457 722 3502 et
742 3447 815 3499 tenir
830 3456 967 3501 secretes.

364 3539 624 3599 «Premierement,
639 3537 723 3589 l'ena
743 3537 793 3590 fait
815 3537 890 3589 crier
908 3554 961 3607 par
984 3545 1046 3590 tout
1060 3556 1115 3609 que
1131 3547 1226 3592 toutes
1251 3539 1394 3593 manieres
1414 3543 1450 3595 de

328 3645 398 3697 gens
411 3623 512 3677 nobles
524 3632 551 3675 et
565 3641 621 3675 non
635 3620 736 3675 nobles
753 3621 845 3674 soient
858 3640 893 3674 en
908 3639 1001 3674 armes
1018 3631 1046 3674 et
1058 3641 1092 3674 eu
1108 3621 1240 3685 ehevaus,
1257 3623 1366 3677 chacun
1382 3625 1451 3697 (sui-

328 3711 403 3782 vant)
419 3728 471 3762 sou
483 3717 567 3770 estat,
583 3707 710 3770 aArras,
725 3707 750 3759 le
770 3707 836 3776 jour
853 3708 888 3758 de
908 3707 1104 3760 Notre-Dame
1126 3725 1161 3760 eu
1182 3707 1356 3778 septembre,
1375 3730 1452 3781 pour

330 3795 401 3848 aller
411 3813 444 3848 en
458 3794 525 3847 l’ost
538 3793 573 3846 de
585 3792 718 3846 Flandre.

366 3901 379 3932 a
396 3881 476 3945 Item,
485 3898 548 3950 que,
558 3897 588 3930 se
601 3877 621 3930 il
634 3877 737 3930 n'avoit
751 3880 812 3930 este
823 3877 898 3930 ories
907 3895 941 3929 en
950 3895 1058 3930 aucuns
1071 3877 1145 3931 lieus
1163 3877 1184 3930 li
1196 3879 1414 3934 commissaires
1426 3881 1450 3934 le

331 3965 446 4019 doivent
464 3963 534 4016 faire
550 3962 624 4016 crier
639 3963 744 4014 d’estre
767 3980 801 4014 en
816 3961 887 4015 celle
900 3961 1031 4031 journee‚
1048 3981 1084 4016 ou
1096 3963 1161 4032 plus
1177 3971 1244 4027 tost,
1261 3983 1291 4017 se
1305 3963 1322 4016 il
1341 3965 1451 4020 revient

332 4069 387 4122 que
399 4048 500 4102 besoin
513 4050 591 4110 fust;
601 4088 678 4103 .....
700 4068 712 4098 v

369 4135 421 4188 Ed.
437 4135 589 4194 Boummc,
603 4153 647 4204 ap.
664 4133 777 4188 Notices
792 4141 819 4188 et
834 4133 957 4188 extruite
973 4131 1023 4187 des
1036 4151 1115 4198 ross„
1128 4132 1200 4198 Xlll,
1215 4153 1264 4206 pp.
1280 4135 1394 4190 214-16.
