3044 5082
542 343 737 420 *45*-

64 487 200 566 foedus
220 519 305 567 cum
333 495 459 568 vicino
484 495 650 594 quodam
674 497 849 596 principe
872 495 1028 584 fecerat,
1051 500 1200 573 cunctis

63 619 354 694 mercatoribus
372 645 417 692 ex
435 647 511 692 una
538 624 697 721 regione
717 624 755 692 in
784 621 942 694 alteram
959 649 1045 696 cum
1068 625 1200 698 merci-

62 741 141 814 bus
159 743 383 817 transeundi
402 760 635 843 potestatem
651 745 865 819 faciendam
876 745 1055 833 ducebat,
1070 762 1111 821 ut
1125 773 1199 848 qua

61 867 196 940 tutela
235 886 467 942 mercatores
507 872 642 944 muniti
678 885 810 944 essent
846 873 884 942 in
928 897 995 944 sua
1029 873 1197 972 ipsorum

61 995 212 1090 patria,
231 993 343 1066 simili
366 993 480 1068 modo
501 997 540 1066 in
569 997 760 1068 extraneis
786 996 1008 1095 regionibus
1028 995 1198 1070 frueren-

60 1129 142 1188 tur.
178 1121 272 1212 Quae
304 1118 469 1216 probant
500 1117 652 1204 litterae,
690 1146 711 1192 a
743 1120 920 1219 Philippo
950 1120 1112 1194 Pulchro
1151 1121 1198 1194 ad

61 1243 219 1313 viarum
238 1241 420 1316 custodes
433 1245 659 1318 infextremo
673 1270 792 1342 regno
813 1247 951 1328 missae,
973 1271 1058 1318 cum
1076 1272 1140 1318 rex
1161 1248 1197 1318 in

62 1391 112 1438 eo
151 1381 263 1439 esset
290 1381 330 1440 ut
364 1367 507 1441 bellum
542 1382 676 1442 contra
718 1367 972 1442 Flandrenses
1013 1384 1196 1459 moveret,

62 1516 226 1563 necnon
245 1491 388 1566 foedere
404 1503 442 1566 et
459 1495 625 1566 amicitia
641 1493 805 1568 Johanni
817 1495 1051 1568 Hanoniensi
1067 1496 1197 1568 comiti

60 1615 301 1716 jungeretur
318 1618 343 1689 ¹.

117 1743 163 1812 ln
183 1743 342 1814 remotis
371 1740 512 1816 finibus
544 1741 687 1816 bellum
722 1742 1001 1817 sustinentibus
1036 1742 1198 1818 ducibus

64 1869 216 1966 saepius
237 1866 414 1939 victualia
431 1870 738 1968 vestimentaque
762 1884 800 1942 et
821 1895 923 1941 arma
946 1869 992 1940 ab
1014 1869 1198 1966 alienige-

64 1991 129 2062 nis
151 2015 305 2063 necnon
322 1990 533 2066 barbaricis
550 1991 826 2065 mercatoribus
848 1991 1008 2065 emenda
1029 1997 1167 2066 erant2
1187 2022 1194 2065 ε

65 2213 183 2248 amour.
198 2194 301 2249 Savoir
315 2183 389 2250 vous¹
401 2195 509 2250 laisons
518 2215 573 2269 quc
586 2216 658 2251 nous
673 2215 760 2250 avons
773 2197 823 2250 fait
836 2197 911 2250 crier
921 2206 949 2250 et
962 2199 1062 2250 mande
1078 2217 1197 2267 genera·

63 2279 186 2341 lement,
201 2299 255 2350 par
265 2289 360 2334 tontes
375 2300 427 2334 nos
446 2281 571 2343 baillies,
585 2283 620 2334 de
635 2281 703 2354 quoi
718 2282 795 2334 vivre
817 2292 844 2334 et
861 2282 1093 2335 marcheandises
1109 2294 1197 2354 puent

63 2365 148 2416 venir
164 2383 180 2416 a
193 2383 275 2428 vous,
290 2384 325 2418 en
340 2376 438 2420 nostre
449 2376 495 2420 ost
508 2367 543 2419 de
560 2367 709 2428 Flandres,
722 2385 777 2438 que
792 2367 846 2420 tuit
857 2366 893 2418 cil
909 2366 958 2438 qni
972 2367 1065 2418 vivres
1081 2377 1108 2420 et
1125 2387 1197 2420 mar-

64 2449 242 2502 eheandises
257 2450 267 2502 i
281 2451 422 2503 voudront
440 2469 537 2504 mener
552 2461 651 2504 seront
669 2461 696 2504 et
712 2450 831 2503 voulons
852 2459 929 2503 estre
949 2451 1056 2522 quittes
1076 2452 1111 2503 de
1132 2462 1197 2505 touz

64 2552 179 2604 paages
196 2535 274 2586 etde
291 2544 386 2588 toutes
402 2544 577 2596 coustumes,
594 2555 628 2588 en
644 2535 711 2587 telle
727 2535 852 2587 muniere
865 2553 919 2606 que
934 2555 948 2586 a
962 2535 1051 2596 l'aler,
1069 2535 1088 2586 il
1105 2535 1198 2590 leront

65 2637 103 2669 un
118 2637 195 2688 gage
208 2637 243 2670 au
258 2619 377 2689 paagier
391 2621 520 2690 dusques
534 2637 550 2672 a
564 2629 624 2673 tant
639 2637 704 2690 que,
718 2638 752 2671 en
765 2619 828 2671 leur
839 2630 947 2684 remur,
962 2619 998 2671 ils
1015 2629 1197 2689 reporteront

64 2703 172 2756 lettres
188 2721 226 2756 ou
239 2703 390 2774 enseignes
405 2704 488 2757 dudit
504 2703 664 2756 mareschal
677 2704 760 2756 dudit
775 2715 822 2757 ost
835 2722 909 2774 pour
925 2703 1022 2757 ravoir
1035 2704 1098 2756 leur
1112 2723 1195 2776 gage.

65 2789 101 2840 Et
116 2806 187 2840 avec
198 2805 230 2840 ce
245 2805 317 2840 nous
331 2805 416 2841 avons
431 2789 481 2841 fait
497 2787 707 2859 generalement
724 2788 834 2856 scavoir
850 2807 904 2859 que
921 2798 986 2841 touz
1002 2788 1038 2840 cil
1051 2789 1100 2859 qui
1117 2808 1196 2841 men-

65 2884 133 2926 ront
148 2873 192 2924 les
205 2871 299 2924 vivres
313 2891 349 2926 ou
364 2872 596 2925 marcheandises
612 2891 667 2944 que
685 2891 758 2926 nous
773 2872 816 2924 les
830 2891 954 2943 prenons
968 2892 1001 2925 en
1015 2882 1113 2926 nostre
1129 2892 1196 2926 con-

66 2956 141 3018 duit,
157 2956 234 3027 peril
251 2968 279 3009 et
296 2957 394 3026 garde,
409 2967 489 3010 entre
508 2955 592 3010 soleil
607 2953 740 3010 levant'et
754 2956 837 3009 soleil
854 2957 1002 3017 concham,
1021 2974 1077 3027 por
1096 2957 1120 3010 si
1139 2958 1196 3038 qu’i

66 3042 182 3094 voisent
197 3059 251 3111 par
267 3041 309 3094 les
325 3041 451 3094 chemins
467 3051 495 3094 et
509 3059 650 3112 passages
663 3060 718 3112 que
736 3059 807 3093 vous
822 3041 885 3093 leur
901 3040 1063 3095 establirez.
1083 3043 1112 3094 Si
1125 3061 1195 3095 vous

66 3127 211 3180 mandons
229 3144 283 3196 que
303 3143 372 3178 vous
393 3125 465 3179 ledit
486 3125 528 3178 cri
549 3125 637 3178 laciez
654 3125 724 3178 faire
747 3135 774 3178 et
795 3124 910 3196 publier
925 3143 961 3178 ou
982 3126 1024 3178 dit
1042 3135 1097 3188 ost,
1120 3145 1153 3179 en
1169 3127 1196 3180 la

66 3211 182 3263 lourme
203 3220 230 3263 et
256 3229 289 3262 en
310 3211 335 3262 la
361 3210 485 3264 maniere
506 3229 561 3282 que
580 3228 650 3263 vous
669 3228 767 3262 verrez
787 3228 818 3262 es
839 3210 939 3263 lettres
958 3229 1013 3280 que
1032 3229 1105 3264 nous
1124 3229 1195 3264 vous

66 3313 226 3365 envoyons,
244 3304 272 3347 et
285 3313 428 3365 pourveez
443 3314 496 3366 par
510 3295 594 3366 quiex
612 3313 753 3366 passages
771 3303 799 3346 et
814 3294 939 3346 chemins
955 3312 990 3347 on
1006 3313 1111 3365 pourra
1129 3313 1194 3348 seu-

66 3390 180 3432 rement
192 3396 297 3449 passer
308 3398 372 3432 vers
387 3390 504 3442 vous,et
516 3379 580 3433 leur
594 3378 776 3432 establissiez
789 3379 831 3430 les
847 3379 920 3431 lieus
932 3397 969 3431 ou
984 3397 1056 3432 vous
1073 3380 1195 3432 voudrez

66 3483 123 3535 que
137 3463 261 3515 lesdites
276 3464 507 3517 marchenndises
521 3474 549 3516 et
566 3465 688 3516 danrees
703 3463 796 3516 soient
808 3467 921 3516 mentes
937 3474 964 3518 et
979 3463 1005 3515 le
1023 3483 1095 3517 nous
1112 3465 1195 3517 faites

67 3547 184 3616 scavoir
195 3556 312 3618 partout
327 3567 363 3602 ou
377 3549 496 3601 mestier
511 3567 585 3601 sera.
603 3570 617 3598 »

103 3631 283 3703 Apographa
299 3633 409 3687 decimo
425 3644 527 3704 quarto
546 3633 651 3686 saeculo
670 3632 787 3703 scripta.
804 3631 889 3686 Arcb.
909 3640 981 3694 nat,
997 3633 1029 3684 JJ
1048 3634 1081 3685 35
1098 3635 1117 3687 f.
1137 3635 1152 3685 2
1167 3645 1195 3688 et
1238 3633 1242 3640 ’

66 3718 101 3768 JJ
119 3718 154 3770 36
169 3717 188 3771 f.
204 3718 230 3769 2.

106 3804 135 3856 l.
163 3800 295 3854 «Actum
321 3801 467 3854 incastris
492 3811 554 3854 ante
584 3801 707 3863 Insulas,
729 3821 778 3854 xri.
802 3801 848 3854 die
876 3801 955 3862 Julii,
984 3819 1055 3854 anno
1081 3802 1195 3854 Domini

68 3886 315 3940 .M.CC.XC.VII.
334 3907 361 3946 r>;
379 3905 423 3941 or.
438 3904 489 3946 se,
505 3884 592 3940 Aret.
606 3885 695 3948 Nord,
712 3887 757 3938 ed.
775 3886 911 3938 Murrina
927 3896 954 3939 et
967 3887 1096 3948 Dunann,
1123 3886 1194 3940 The·

67 3989 178 4024 saurus
190 3987 287 4030 novus,
303 3973 314 4021 l
332 3971 385 4025 col.
398 3971 529 4024 lasa-94.

106 4058 134 4110 2.
160 4055 216 4116 Cf„
230 4055 352 4126 exempli
367 4073 463 4130 causa,
475 4055 587 4107 litteras
601 4072 672 4124 quas
687 4053 848 4106 Ludovicus
859 4055 881 4105 I.
891 4053 1114 4124 Angedavensis,
1131 4073 1194 4126 sep·

69 4141 136 4193 tima
153 4140 200 4192 die
214 4139 326 4201 Martis,
342 4157 414 4192 anno
427 4137 735 4201 M.CCC.LXXX.IV.,
752 4137 780 4190 in
794 4137 912 4192 castello
934 4138 1088 4192 Tarentino
1102 4139 1193 4202 dedit,
