3044 5082
766 398 960 470 ..24-

307 550 549 636 induxerunt,
572 574 730 648 eosque,
755 575 840 622 cum
860 552 969 648 cquis
989 551 1069 622 suis
1089 553 1305 622 neccssaria
1326 548 1419 621 deli-

306 690 438 752 cerent
467 673 660 760 victualia,
694 700 769 773 que
801 673 1010 774 vulgariter
1048 674 1192 774 foragia
1223 689 1417 762 vocantur,

306 801 354 876 ad
387 800 502 874 alium
538 799 663 874 locum
696 815 820 874 tutum
850 801 955 897 juxta
983 799 1147 883 Felines,
1185 815 1222 873 et
1254 804 1305 873 ita
1333 827 1421 900 pro-

305 929 490 1028 pinquum
504 927 584 1026 regi
600 929 700 1000 sicut
714 928 893 1026 priorem,
914 924 1164 999 adduxerunt.
1181 930 1292 999 Juxta
1309 951 1421 1025 quem

306 1055 400 1126 satia
441 1049 557 1124 multa
589 1050 768 1124 victualia
804 1065 982 1150 poterant
1018 1053 1189 1124 invenire
1229 1066 1269 1124 et
1308 1053 1421 1124 etiarn

307 1179 441 1250 minori
457 1201 614 1250 numero
628 1176 809 1250 residere.
829 1207 846 1246 n
865 1177 949 1270 Quo
963 1174 1064 1250 lacto
1076 1176 1422 1250 GuillelmusJulia·

306 1305 433 1378 censis
451 1304 577 1402 ipsum
597 1327 727 1402 regem
746 1300 792 1374 ad
808 1300 1069 1375 reducendum
1089 1305 1296 1374 exercitum
1317 1327 1423 1374 com-

306 1428 450 1530 pulit«
469 1431 613 1526 ltaque,
632 1429 733 1500 circa
751 1425 863 1500 linem
878 1429 1020 1500 mensis
1037 1426 1287 1526 Septembris,
1305 1451 1372 1499 rex
1385 1443 1422 1498 et

306 1557 512 1642 exercitus,
534 1579 621 1624 cum
648 1554 745 1625 intra
778 1553 946 1650 quinque
973 1567 1012 1625 et
1039 1578 1104 1624 sex
1129 1555 1362 1650 septimanas
1385 1555 1421 1623 in

307 1681 478 1754 Vitriaco
498 1692 537 1752 et
557 1679 658 1750 circa
668 1678 893 1775 jacuissent,
917 1676 1186 1750 deficientibus
1207 1679 1262 1749 eis
1282 1679 1423 1750 victua-

307 1803 408 1878 libus
429 1829 498 1904 pro
514 1804 1010 1902 equis-consumpserant
1025 1804 1126 1876 enim
1138 1805 1264 1874 omnia
1279 1801 1422 1898 foragia

307 1955 381 2030 que
411 1927 634 2030 perdecem
663 1925 838 1998 milliaria
855 1953 989 2000 versus
1013 1930 1207 2000 Franciam
1233 1942 1272 1999 et
1297 1930 1423 1999 Hanu-

306 2057 408 2128 niam
426 2066 603 2154 poterant
619 2053 779 2126 inveniri
794 2095 843 2106 -
861 2077 947 2124 curn
966 2055 1125 2126 maxima
1139 2052 1364 2126 confusione
1377 2050 1424 2122 de

306 2180 410 2254 <licto
432 2177 516 2252 loeo
539 2191 781 2251 recesserunt
795 2193 833 2250 et
854 2177 1094 2276 aufugerunt,
1114 2177 1304 2278 aliquibus
1320 2178 1423 2250 indo·

309 2307 410 2378 mitis
438 2303 659 2401 Flamingis,
678 2317 812 2374 contra
830 2301 1068 2376 voluntatem
1097 2306 1313 2402 principum
1335 2331 1424 2377 suo·

307 2457 403 2514 rum,
435 2454 502 2502 cos
539 2426 847 2526 insequentibus,
881 2425 945 2526 q'ui
979 2431 1066 2500 vina
1095 2444 1134 2501 ct
1164 2428 1319 2517 cibaria,
1351 2457 1425 2529 que

308 2557 441 2628 Franci
468 2578 535 2654 pre
557 2553 803 2628 festinatione
845 2553 935 2651 fuge
961 2579 1090 2626 secum
1118 2553 1266 2627 deferre
1296 2559 1424 2654 nequi·

309 2679 415 2768 bant,
433 2694 662 2752 voraverunt
676 2694 714 2750 et
731 2691 939 2777 rapuerunt
957 2681 980 2750 ¹.
1002 2707 1019 2749 »

358 2805 489 2902 Neque
512 2801 725 2875 mirandum
751 2803 795 2888 si,
817 2806 992 2901 sequenti
1013 2803 1168 2890 saecule,
1192 2830 1292 2893 cum,
1319 2806 1425 2878 nullo

309 2928 387 3003 lere
408 2929 666 3028 praetermisso
688 2926 900 3014 intervall0,
926 2927 1026 3000 bella
1046 2945 1283 3028 gererentur,
1303 2947 1426 3004 vasta·

308 3057 433 3126 tiones
463 3051 510 3126 de
530 3051 669 3152 quibus
689 3051 750 3124 hie
786 3055 923 3150 agitur,
952 3056 989 3124 in
1018 3057 1126 3153 pejus
1161 3053 1283 3128 adhuc
1311 3083 1425 3154 quam

310 3173 721 3271 autcarue1·ent.Qu0d
743 3175 790 3248 ad
809 3176 1060 3276 probandum,
1078 3204 1122 3250 cx
1136 3178 1282 3253 infinita
1302 3206 1428 3252 exem·

309 3300 459 3402 plorum
470 3302 578 3399 copia
595 3315 846 3400 sumptouno,
859 3302 974 3374 verba
987 3303 1126 3401 quibus
1143 3307 1252 3404 Hugo
1267 3309 1427 3403 lllonge-

310 3427 504 3516 ronensis,
540 3427 644 3525 prior
679 3424 876 3524 cujusdam
916 3429 1104 3525 prioratus
1140 3432 1178 3500 in
1212 3433 1426 3504 Senonensi

310 3548 480 3636 dioeccsi,
503 3549 750 3650 Anglicorum
771 3551 958 3637 incursus
980 3579 1079 3624 anno
1096 3557 1131 3625 M
1138 3555 1393 3628 .CCC.L.Vlll
1401 3613 1425 3640 .,

311 3678 349 3748 in
366 3689 487 3748 terras
502 3674 713 3748 Gallicanto
730 3677 743 3722 ²
763 3673 896 3748 affines
917 3675 1090 3774 depinxit
1110 3678 1221 3751 nobis
1241 3684 1428 3752 transcri-

311 3797 567 3874 bendasunt:

345 4035 370 4090 l.
392 4034 515 4089 Annales
529 4035 708 4098 Gandenses,
722 4053 768 4106 ap.
784 4038 877 4098 Perta,
893 4037 954 4098 SS.,
972 4039 1045 4098 XVI,
1063 4040 1125 4104 573,
1142 4038 1171 4092 ll.
1186 4040 1281 4092 [ιθ-46.

345 4121 372 4174 ⁶2.
395 4118 501 4174 Gallice
525 4119 718 4192 Chnntecocq,
741 4121 807 4194 dep.
830 4122 939 4186 Loiret,
963 4141 1018 4176 arr.
1044 4124 1214 4194 lllontargis‚
1239 4135 1312 4179 cant.
1338 4125 1429 4179 Cour-

310 4213 403 4276 teuny.
