3044 5082
612 333 783 406 ..7-

134 485 283 584 lippum
307 488 387 572 IV.,
408 487 479 584 ·qui
498 513 515 555 «
546 483 708 557 Pulcher
737 513 754 554 r
784 485 1014 583 cognomine
1042 483 1257 584 appellatus

134 609 218 695 fuit,
238 635 469 708 eorumquae
488 609 549 681 hic
567 607 766 682 retulimus
791 613 1011 682 memoriam
1033 611 1254 698 renovabat,

134 737 309 834 quamvis
345 738 429 833 ipse
458 761 618 806 -cum
646 750 749 807 esset
777 734 993 808 causidicus
1031 776 1080 790 -—-
1111 733 1256 808 militiae

134 885 275 932 munus
299 861 454 934 minime
474 859 728 934 sustulissetl.

190 1013 206 1054 a
234 983 461 1070 Consideret
488 987 605 1082 igitur
646 986 750 1082 regia
777 986 955 1083 Majestas
981 1029 1030 1038 -
1058 983 1180 1057 oratio
1209 984 1255 1058 ad

134 1113 367 1182 Francorum
387 1135 517 1207 regern
532 1111 751 1182 vertitur-
766 1109 869 1208 quod
885 1109 1039 1183 modum
1058 1113 1256 1209 antiquum

133 1237 257 1333 ipsam
281 1233 490 1334 pugnandi,
517 1233 631 1306 hodie
653 1237 710 1306 sui
735 1260 812 1306 non
837 1250 971 1307 tenent
1000 1235 1157 1321 inimici,
1186 1260 1256 1308 nec

135 1359 333 1442 auderent,
352 1385 422 1432 nec
439 1374 598 1458 possent
623 1375 765 1433 tenere.
785 1358 968 1432 Solebant
988 1361 1089 1432 enim
1116 1362 1193 1432 cito
1209 1359 1255 1432 ad

132 1483 278 1558 bellum
293 1509 495 1557 commune
515 1499 554 1558 et
569 1497 785 1583 campestre
801 1487 943 1571 venire,
958 1485 1100 1568 loricis
1118 1484 1252 1584 galeis

133 1624 173 1682 et
193 1611 312 1682 scutis
333 1635 375 1682 se
394 1623 525 1706 tegere
542 1639 548 1695 ;
568 1611 620 1682 ita
642 1608 745 1707 quod
763 1635 850 1681 cum
867 1608 1019 1706 gladiis,
1039 1609 1196 1682 ensibus
1213 1623 1255 1683 et

133 1734 286 1807 catellis
304 1760 372 1833 per
393 1749 658 1807 antecessores
672 1749 821 1807 vestros
844 1737 921 1807 cito
941 1750 1119 1834 poterant
1140 1760 1255 1833 supe·

132 1862 221 1932 rari.
254 1863 361 1932 Nunc
390 1872 529 1946 autem,
552 1875 730 1932 verentes
757 1874 923 1932 vestram
947 1859 1139 1944 miliciam,
1166 1885 1255 1960 ope·

131 1987 236 2057 riunt
264 2010 306 2056 se
338 1984 532 2056 montibus
555 1984 730 2072 excelsis,
759 1985 940 2070 turribus
967 1987 1097 2070 muris,
1127 1983 1255 2056 flumi-

130 2110 258 2196 nibuS,
273 2108 491 2208 paludibuS,
512 2109 676 2192 fossatis,
699 2109 783 2181 aliis
802 2108 1001 2182 fortaliciis
1016 2125 1054 2182 et
1071 2111 1252 2208 ingeniis,

132 2234 273 2334 quibus
308 2259 454 2306 summe
492 2235 631 2306 milicie
667 2233 848 2306 nobilitas
884 2234 1095 2332 frequinter
1125 2249 1254 2332 potest

129 2361 257 2430 minus
274 2385 386 2457 quam
402 2357 573 2456 peditum
606 2358 782 2431 celeritas
810 2359 977 2431 obviare.
1006 2361 1145 2432 Contra
1178 2386 1253 2458 que

128 2499 259 2556 vestra
275 2482 490 2582 precellens
508 2484 649 2556 milicia
665 2509 733 2582 per
753 2483 887 2582 longas
906 2483 1128 2558 obsidiones
1140 2485 1253 2558 forta·

129 2609 307 2681 liciorum
329 2610 529 2681 consuevit
546 2607 751 2681 adversari.
771 2609 829 2682 Ob
851 2635 945 2706 quas
975 2607 1199 2682 obsidiones
1215 2624 1254 2682 et

131 2759 263 2807 earum
278 2735 571 2833 expectaciones
584 2760 652 2806 vos
670 2748 708 2806 et
725 2749 989 2806 antecessores
1000 2748 1149 2807 vestros
1165 2760 1253 2834 pre-

132 2955 306 3006 Francorum
320 2973 346 3005 u.
358 2953 390 3004 ln
405 2952 498 3021 prima
513 2951 592 3004 illius
607 2951 699 3004 libelli
717 2962 809 3022 parte,
825 2971 886 3022 quae
902 2951 962 3004 sola
979 2954 1013 3004 ad
1028 2971 1087 3004 rem
1102 2953 1147 3005 hic
1161 2953 1253 3023 expli-

130 3048 221 3091 catam
236 3037 369 3107 pertinet,
387 3037 422 3088 de
436 3055 466 3088 re
480 3036 598 3088 militari
620 3037 725 3106 agitur.
741 3037 819 3090 Petri
842 3038 877 3088 de
891 3037 984 3089 Bosco
1000 3037 1101 3106 libelli,
1117 3038 1252 3091 hactenus

129 3123 208 3193 typis
222 3123 346 3175 nondum
359 3121 497 3186 mandati,
512 3122 721 3174 inemendatum
734 3121 933 3192 apographum
948 3121 976 3173 in
991 3121 1067 3174 Bibl.
1082 3131 1142 3176 nat.
1160 3142 1253 3176 asser-

131 3217 225 3273 vatur,
247 3225 299 3258 ms.
329 3206 378 3259 lat.
415 3207 485 3258 6222
513 3225 536 3258 c.
561 3207 602 3258 De
628 3207 706 3259 Petri
728 3206 922 3259 abreviatione
942 3207 1052 3259 Natalis
1080 3209 1115 3258 de
1142 3208 1253 3278 Wailly

130 3291 229 3344 multis
243 3291 382 3342 disseruit
396 3290 424 3342 in
438 3292 521 3347 Mem.
539 3289 574 3343 de
589 3289 762 3344 l'Acad.des
775 3294 863 3343 Inscr.
875 3299 903 3344 et
916 3293 1083 3353 B.-Lettres,
1096 3301 1115 3343 t.
1134 3291 1251 3354 xv1112,

129 3395 179 3446 pp.
197 3375 305 3430 435-94.
322 3406 355 3416 -
372 3375 412 3427 De
429 3376 507 3428 Petri
521 3377 555 3428 de
571 3376 665 3428 Bosco
681 3377 738 3429 vita
749 3386 776 3428 et
792 3375 931 3438 doctrina,
950 3376 1081 3428 cte-v.
1098 3377 1250 3439 Linaton,

129 3463 171 3514 De
187 3461 404 3534 recuperatione
424 3463 507 3514 Terre
523 3463 637 3522 Sancte,
655 3460 833 3530 prooemium.

166 3547 192 3598 1.
214 3545 344 3598 Attamen
365 3546 519 3598 notandum
534 3556 577 3598 est
593 3547 707 3598 Petrum
723 3545 757 3597 de
773 3546 867 3598 Bosco
881 3545 1018 3598 exercitui
1036 3545 1064 3596 in
1078 3545 1251 3616 Aragoniam

130 3649 225 3700 arege
237 3631 410 3682 Francorum
427 3630 561 3700 Philippo
579 3631 630 3682 III.
650 3631 735 3682 ducto
743 3629 920 3696 interfuisse,
935 3630 1002 3700 quin
1018 3630 1103 3683 etiam
1119 3649 1152 3682 ea
1165 3649 1251 3700 expe-

130 3715 239 3768 ditione
252 3715 427 3766 causidicum
443 3725 608 3785 provectum
628 3733 692 3767 esse
712 3723 743 3766 ut
758 3715 792 3766 de
806 3714 893 3767 rebus
909 3715 1082 3766 militaribus
1100 3715 1250 3768 scriberet.

132 3821 144 3851 α
159 3799 290 3870 Scriptor
306 3799 390 3868 bujus
406 3800 514 3870 operis,
525 3799 626 3871 inquit,
644 3800 739 3870 ipsum
753 3817 910 3868 aggressus
925 3799 978 3852 fuit
989 3800 1140 3870 premissis
1156 3801 1251 3853 consi-

131 3883 240 3936 deratis
256 3893 295 3950 et,
309 3903 363 3954 que
379 3885 561 3936 considerare
576 3885 651 3954 cepit
674 3903 688 3936 a
705 3884 799 3936 reditu
812 3884 966 3954 Aragonie,
979 3886 1063 3938 modo
1078 3886 1252 3956 procedendi

131 3968 172 4020 ibi
188 3969 358 4038 perquisito,
376 3988 430 4021 non
457 3969 517 4021 sine
533 3970 613 4038 gravi
629 3969 725 4022 cordis
746 3969 856 4037 dolore,
874 3980 994 4040 propter
1008 3971 1153 4023 ardentem
1167 3970 1252 4022 affec-

130 4053 236 4105 tionem
252 4071 336 4124 quam
359 4071 426 4124 erga
442 4053 538 4106 inclite
566 4054 774 4106 recordationis
793 4054 962 4124 principem,
982 4064 1108 4107 vestrum
1129 4055 1250 4126 (Philip-

131 4156 186 4208 pus
202 4137 251 4190 IV.
266 4137 462 4208 compellatur)
477 4138 687 4191 nobilissimum
701 4139 893 4209 genitorem...
913 4159 925 4188 n
