3044 5082
572 353 768 430 ..53-

157 507 236 582 lllis
252 511 368 584 etiam
396 509 592 609 praedictis
610 509 829 584 addendum
856 535 1058 584 censemus
1084 511 1229 586 similes

108 646 282 720 venatuS,
319 645 434 730 atque
480 634 637 732 insuper
681 635 865 731 piscatus
909 631 956 704 ad
997 632 1229 706 exercitibus

106 771 345 830 commeatus
358 756 564 857 parandos
574 757 792 857 unoelapso
806 755 962 844 saeculo,
973 759 1072 832 XIV.
1087 757 1229 832 saeculo

105 881 258 956 scilicet
277 895 365 982 post
391 883 584 956 Christum
607 898 751 968 natum,
779 907 801 956 e
832 881 1075 956 documentis
1106 883 1229 957 laetos

105 1033 194 1080 esse
212 1022 364 1081 constat
376 1009 407 1095 1;
423 1033 573 1081 necnon
591 1008 652 1081 hic
672 1007 825 1083 videtur
840 1007 948 1081 locus
959 1008 1228 1081 commonendi

104 1135 242 1232 quanti
261 1147 354 1205 tunc
385 1131 432 1205 ad
453 1148 690 1206 commeatus
716 1132 996 1233 comparandos
1018 1131 1227 1232 adjumenti

102 1258 250 1331 luerint
268 1261 481 1358 piscatores
500 1283 508 1332 :
532 1260 672 1358 saepius
693 1260 795 1330 enim
809 1257 939 1331 videre
954 1274 1036 1331 erat
1047 1274 1226 1346 armatos

103 1387 221 1480 signo
241 1381 452 1482 recipiendi
473 1382 577 1469 dato,
606 1399 741 1482 stagna
772 1398 811 1456 et
830 1382 987 1456 flumina
1014 1382 1229 1457 inlicientes

102 1534 155 1581 ne
168 1507 349 1607 frequens
360 1509 492 1606 piscis
511 1509 626 1607 quiin
643 1507 1228 1596 eishabirabat,succedentibus

101 1632 286 1706 hostibus
302 1632 435 1706 utilem
454 1634 597 1704 victum
618 1631 820 1731 praeberet.

157 1761 231 1830 Tot
248 1771 286 1830 et
305 1772 433 1830 tantos
454 1772 691 1830 commeatus
707 1783 841 1858 parare
862 1783 908 1831 eo
929 1760 1083 1857 majoris
1098 1757 1229 1832 discri-

101 1885 223 1954 minis
244 1897 326 1955 erat
340 1881 456 1981 quod,
470 1882 708 1982 temporibus
726 1881 815 1970 illis,
839 1882 886 1955 ad
905 1910 1014 1956 suum
1036 1886 1229 1984 praecipue

99 2010 273 2106 quisque
316 2009 472 2079 minime
511 2033 602 2080 vero
648 2006 694 2079 ad
731 2010 832 2105 regis
867 2008 1065 2081 arbitrium
1111 2011 1229 2082 vitam

100 2132 285 2229 degeret;
318 2157 363 2204 ex
387 2157 463 2231 quo
497 2130 612 2206 fiebat
641 2147 682 2204 ut
707 2157 818 2230 reges
848 2132 1015 2206 officium
1043 2159 1153 2207 suum
1188 2159 1229 2207 se

100 2257 330 2330 deserturos
349 2258 580 2342 censuerint,
599 2259 630 2328 si
658 2282 735 2329 non
762 2256 925 2330 baillivis
943 2273 982 2331 et
1006 2258 1229 2332 senescallis

100 2407 312 2454 numerosa
350 2397 388 2454 et
439 2383 549 2480 quasi
593 2383 807 2454 minutatim
861 2386 1004 2484 scripta
1052 2384 1229 2458 mandata

100 2509 305 2580 misissent
318 2505 456 2605 quibus
473 2531 553 2592 eos
566 2510 911 2605 quaeessentvariae
927 2508 1085 2582 etbonae
1103 2510 1229 2608 quoad

99 2630 391 2705 contrahendos
409 2645 645 2704 commeatus
668 2647 782 2718 artes
799 2631 1033 2707 docuissent.
1056 2635 1230 2734 Exempli

98 2753 233 2853 gratia
248 2751 394 2826 litteras
409 2778 429 2823 a
444 2751 706 2852 PhilippolV.,
717 2755 830 2826 tertia
842 2753 989 2827 decima
1001 2753 1227 2855 diehpriliS,

101 2902 211 2950 anno
231 2879 458 2950 M.CCC.IH.
474 2875 616 2974 eligere
632 2875 722 2950 licet
735 2880 760 2949 2.

158 2999 297 3074 Tribus
325 3000 521 3075 mensibus
557 2999 699 3101 elapsis
733 3002 932 3102 Philippus
970 3007 1031 3080 IV.
1065 3004 1230 3077 baillivis

102 3129 191 3199 suis
209 3125 361 3212 alteras,
379 3124 427 3198 de
447 3125 724 3199 commeatibus
747 3127 991 3202 Flandrensis
1012 3129 1101 3201 belli
1117 3156 1230 3202 causa

101 3250 304 3352 parandis,
343 3251 491 3324 litteras
539 3251 763 3325 scribendas
802 3252 917 3325 ollicii
955 3256 1012 3326 sui
1048 3252 1227 3342 ducebar,

101 3374 250 3475 quibus
267 3375 563 3475 diligentissime
578 3391 633 3466 ut,
656 3375 703 3448 ab
723 3377 783 3448 his
803 3381 867 3476 qui
891 3381 991 3450 intra
1011 3383 1118 3477 regni
1135 3379 1230 3452 lines

100 3503 225 3574 vitam
251 3499 464 3600 degebant,
502 3501 644 3574 cibaria
681 3502 757 3575 leni
788 3502 900 3574 simul
942 3517 1056 3602 atque
1087 3504 1231 3578 urbana

101 3628 258 3699 ratione
300 3628 595 3725 impetrarentur
634 3627 942 3714 commendabat,
991 3629 1229 3702 orationibus

143 3913 172 3964 l.
193 3911 237 3964 Cf.
257 3914 420 3966 mandatum
433 3931 448 3966 a
463 3913 597 3985 Philippo
612 3916 671 3976 vl„
687 3915 854 3968 duodecima
866 3916 912 3969 die
926 3916 1032 3968 mensis
1048 3917 1229 3976 Novembris,

102 4015 183 4050 anno
210 3997 454 4058 M.CCC.XL.ll.,
480 4000 514 4050 ad
538 4000 725 4052 senescallum
747 4009 774 4052 et
796 4011 973 4073 receptorem
990 4001 1181 4056 Santonenses
1202 4015 1229 4058 et

104 4081 304 4135 Pictavienses
320 4081 449 4150 missum,
464 4083 655 4136 Procurronss
668 4085 716 4140 lx.

143 4167 173 4221 2.
194 4165 230 4222 V.
250 4165 442 4221 Pnouarron'rs
456 4165 507 4222 ΙΙΙ.
