3044 5082
582 403 778 474 ι-.35...

114 582 204 630 esse
233 555 467 628 nitebantur.
492 559 576 651 Quo
602 571 779 654 tempore
805 552 927 628 Guido
956 552 1005 628 de
1034 555 1241 652 Dampetra

117 681 366 754 Helchinensi
402 680 562 754 castello
595 679 832 778 potiebatur,
866 678 1074 764 sicbertus,
1111 702 1243 752 comes

115 801 1240 904 Attrebatensis‚magnumFrancorumexercitumducenS,

116 933 157 1004 in
184 933 410 1005 Gasconiam
431 929 749 1030 proficiscebatur
778 944 954 1002 «contra
983 926 1239 1016 Edmundum‚

115 1056 274 1130 fratrem
286 1057 392 1156 regis
405 1055 545 1154 Anglie
560 1056 585 1143 ¹,
598 1056 786 1128 sororium
803 1080 914 1128 suum
926 1056 954 1134 ²,
972 1055 1036 1152 qui
1054 1051 1143 1125 illuc
1155 1079 1241 1124 cum

117 1183 267 1278 ingenti
298 1179 422 1254 classe
458 1180 709 1277 Anglicorum
744 1178 961 1252 advenerat.
994 1179 1089 1252 Cum
1126 1180 1244 1278 igitur

118 1307 222 1378 circa
242 1305 551 1378 purificationem
572 1305 683 1378 beate
707 1306 866 1404 virginis
891 1305 1020 1390 Mane,
1047 1302 1239 1375 Johannes

120 1429 170 1504 de
191 1430 540 1519 Sancto-iohanne,
557 1429 749 1506 Johannes
768 1428 816 1501 de
835 1429 1028 1500 Britannia
1051 1453 1094 1499 ac
1112 1451 1242 1500 comes

120 1554 415 1643 LincclniensiS‚
439 1557 504 1653 qui
525 1557 709 1628 exercitui
729 1567 918 1653 praeerant
936 1551 1185 1652 Anglicorum
1205 1567 1244 1626 et

121 1681 353 1768 Gasconum,
371 1679 534 1752 fuissent
547 1679 595 1752 de
609 1681 750 1752 Baiona
766 1693 805 1752 et
820 1677 910 1750 alibi
926 1677 973 1750 ad
994 1702 1101 1749 suam
1114 1677 1245 1774 garni-

121 1806 271 1878 sionem
303 1803 526 1877 victualium
569 1802 874 1887 conducendam,
913 1803 1078 1901 egressi,
1115 1825 1245 1874 comes

119 1929 327 2016 Attrebati‚
361 1929 470 2002 miles
500 1931 693 2030 egregius,
720 1931 785 2028 qui
816 1925 919 2002 istud
947 1926 1132 2017 audierat,
1157 1951 1244 1998 cum

121 2056 345 2154 quingentis
371 2070 521 2128 tantum
547 2054 755 2154 equitibus
788 2079 885 2152 quos
924 2067 1013 2125 tunc
1042 2077 1172 2124 secum
1207 2065 1245 2124 et

122 2206 202 2254 non
218 2179 381 2278 amplius
395 2179 576 2266 habebat,
598 2179 780 2252 adversus
797 2203 863 2250 eos
885 2179 950 2276 qui
970 2177 1073 2252 mille
1094 2181 1244 2278 equites

121 2321 162 2378 et
182 2305 332 2406 pedites
355 2307 394 2376 in
415 2330 551 2404 magna
573 2303 819 2378 multitudine
841 2301 992 2376 fuerant
1020 2306 1245 2404 congregati

122 2429 320 2503 audaciter
336 2432 569 2530 properavit,
592 2445 631 2502 et
650 2455 719 2528 pre
740 2429 824 2501 aliis
846 2453 1001 2501 suorum
1024 2455 1141 2528 super
1162 2455 1243 2518 cos,

122 2557 227 2628 circa
256 2555 347 2629 solis
372 2581 565 2644 occasum,
590 2557 752 2637 irruens,
778 2568 857 2626 tam
876 2553 1036 2627 viriliter
1054 2580 1141 2627 cum
1167 2558 1245 2628 suis

123 2683 371 2780 Francigenis
400 2683 593 2754 Gascones
622 2695 660 2753 et
693 2679 878 2776 Anglicos
915 2678 1122 2752 debellavit
1149 2706 1246 2779 quo-

123 2831 261 2904 usque,
281 2805 372 2878 licet
396 2805 456 2878 bis
481 2804 528 2877 ad
546 2804 710 2903 prelium
729 2804 971 2890 recollectos
994 2803 1126 2901 fugere
1145 2831 1247 2877 com·

122 2929 237 3030 pulit,
261 2931 390 3003 multis
411 2945 540 3004 tamen
560 2955 692 3003 eorum
717 2931 857 3004 occisis
879 2944 917 3002 et
939 2929 1244 3030 quamplurimis

123 3081 215 3129 cum
255 3055 426 3128 Johanne
469 3054 518 3128 de
564 3053 918 3140 Sancto-domnum
956 3056 1170 3127 Gasconum
1209 3070 1248 3129 et

122 3179 339 3280 Anglorum
362 3179 557 3253 nobilibus
573 3181 696 3278 captis
711 3195 749 3252 et
765 3181 938 3252 retentis.
963 3181 1100 3253 Comes
1120 3196 1246 3254 autem

122 3305 324 3378 Lincclnie
345 3321 383 3378 et
400 3305 593 3378 Johannes
617 3304 664 3377 de
685 3306 880 3377 Britannia
897 3303 1016 3401 fugati
1046 3303 1094 3378 de
1125 3305 1247 3405 prelio

123 3456 281 3504 omnem
314 3432 574 3529 garnisionem
609 3455 721 3528 quam
759 3427 952 3502 ducebant
985 3455 1071 3502 cum
1109 3430 1249 3504 bellico

124 3570 312 3661 apparatu
335 3555 503 3628 totaliter
529 3557 739 3628 amiserunt
759 3557 784 3625 3.
808 3585 824 3626 a

166 3736 191 3789 1.
213 3735 391 3798 Edmundus‚
406 3734 580 3787 Lancastriae
593 3752 699 3787 comes

166 3820 192 3871 2.
214 3819 392 3882 Edmundus,
412 3818 576 3881 Blancham,
592 3837 721 3872 sororem
736 3817 857 3870 Roherti
878 3817 1090 3870 Attrebatensis
1108 3821 1251 3872 eamdem-

128 3922 186 3974 que
203 3903 320 3956 Henrici
335 3905 371 3971 1.,
386 3905 519 3963 Navarrae
535 3903 613 3974 regis
632 3913 658 3956 et
674 3902 836 3973 Campaniae
851 3901 974 3964 comitis,
995 3903 1118 3963 viduam,
1134 3922 1251 3957 uxorem

128 3994 261 4045 duxerat.
407 3993 408 3996 ’

168 4077 195 4130 3.
217 4076 324 4131 Chron.
342 4077 430 4131 Guill.
445 4079 480 4129 de
497 4076 653 4146 Naugiaco‚
671 4075 715 4128 ed.
731 4075 768 4127 H.
783 4074 909 4137 Grinnes,
921 4075 943 4136 Ι,
959 4075 1020 4127 295.
1033 4105 1068 4116 -
1083 4075 1126 4128 Cf.
1142 4075 1254 4130 chroni-

128 4180 195 4214 cum
209 4162 285 4233 quod
303 4161 391 4214 Guill.
406 4161 492 4224 Scoti,
510 4161 539 4212 in
554 4163 657 4214 Rerum
676 4159 850 4213 Gallicarum
866 4166 894 4212 ct
908 4160 1113 4213 Francicarum
1130 4161 1253 4233 scripto-

127 4263 194 4300 rum
206 4256 285 4300 tomo
298 4247 362 4300 XXI
382 4247 454 4319 (203,
470 4245 557 4318 F-G),
578 4244 762 4298 adscribitur.
