3044 5082
761 362 957 436 ...14-

301 516 340 586 in
352 513 604 588 Flandrenses
616 513 1003 614 alimentorumcopia
1017 513 1285 588 etomnimodo
1301 541 1428 616 appa·
1508 508 1509 514 ’

299 654 381 711 ratu
394 641 534 739 saepius
553 641 719 734 eguisse,
737 639 833 712 adeo
847 655 888 712 ut
902 641 1035 712 Franci
1051 639 1294 738 quandoque,
1314 639 1427 712 nullo

298 764 433 862 proelio
462 747 683 848 commisso,
708 790 754 838 ex
773 764 941 837 hostium
967 765 1068 864 agris
1097 764 1282 838 excedere
1312 763 1426 837 etad

297 915 388 962 suos
412 888 563 986 regredi
594 891 718 961 coacti
746 891 839 974 sint,
867 904 1051 988 tantaque
1084 915 1201 988 opera
1233 904 1424 988 tantoque

299 1012 429 1086 labore
463 1014 602 1110 frustra
629 1015 847 1112 insumptis,
877 1017 969 1110 Quae
1003 1040 1089 1088 cum
1132 1016 1183 1086 ita
1212 1016 1302 1100 sint,
1327 1013 1423 1112 quid

299 1141 435 1210 mirum
446 1141 477 1210 si
491 1141 528 1211 in
545 1139 651 1236 regio
661 1138 877 1211 chartarum
893 1139 1073 1212 thesauro
1087 1141 1260 1212 notitiam
1275 1141 1422 1237 reperi-

301 1290 383 1336 mus
409 1262 612 1364 aquodam
640 1266 741 1362 regis
763 1265 937 1336 ministro
957 1267 1139 1363 scriptam
1168 1266 1206 1334 in
1231 1291 1306 1364 qua
1327 1289 1421 1337 sane

298 1414 375 1461 non
394 1391 585 1461 incuriose
607 1391 799 1487 conquirit
816 1388 907 1487 quid
926 1415 1051 1462 oausae
1072 1388 1185 1461 fuerit
1201 1415 1268 1461 cur
1287 1387 1423 1487 pleras-

213 1538 215 1542 ’
298 1541 371 1613 que
405 1513 671 1612 expeditiones
699 1528 832 1585 eontra
849 1512 1101 1586 Flandrenses
1121 1528 1197 1587 tam
1217 1512 1422 1586 infeliciter

298 1638 423 1711 ductae
444 1639 586 1712 fuerint
610 1666 617 1708 :
645 1667 662 1708 c<
681 1637 887 1710 Sciendum
906 1653 966 1710 est
980 1681 1028 1692 --
1041 1653 1083 1711 ut
1102 1641 1222 1737 ipsius
1245 1638 1362 1710 verba
1380 1639 1420 1708 in

297 1763 456 1836 latinum
491 1778 684 1837 vertamus
709 1807 758 1818 --
791 1778 829 1836 te
856 1762 999 1835 nullam
1025 1789 1104 1836 rem
1136 1763 1236 1836 bene
1267 1763 1419 1837 efficere

298 1891 371 1962 nisi
382 1891 510 1960 omnia
521 1887 568 1960 ad
583 1887 685 1960 illam
700 1889 930 1986 pertinentia
943 1890 1103 1959 maxima
1118 1915 1205 1960 cura
1219 1903 1329 1962 antea
1342 1888 1415 1961 dis-

298 2015 558 2112 posueris‚.ita
579 2028 620 2085 ut
636 2039 721 2111 quae
739 2012 864 2085 futura
885 2039 970 2086 esse
987 2015 1140 2112 possint
1156 2015 1416 2112 prospexeris;

299 2155 413 2238 atque
429 2140 642 2238 praesertim
663 2164 750 2210 cum
773 2137 843 2210 tibi
862 2137 1005 2210 bellum
1027 2138 1313 2238 suscipiendum
1331 2143 1416 2212 erit.

299 2263 391 2337 Inde
410 2262 571 2363 quilibet
591 2265 696 2334 novit
716 2260 808 2362 quid
834 2261 1016 2335 acciderit
1038 2262 1194 2336 domino
1221 2267 1300 2364 regi
1331 2291 1419 2337 cum

298 2389 437 2462 frustra
479 2387 573 2460 duas
622 2386 886 2486 expeditiones
931 2389 1174 2461 instruxisset
1211 2405 1249 2462 et
1293 2415 1420 2462 arcam

298 2513 537 2587 exhausisset
564 2538 687 2611 paene,
713 2537 789 2584 non
822 2512 914 2584 alias
942 2512 991 2585 ob
1019 2539 1154 2586 causas
1177 2541 1289 2612 quam
1315 2515 1419 2613 quod

297 2638 346 2711 de
366 2665 406 2711 re
431 2639 676 2712 frumentaria
701 2653 740 2710 et
760 2652 973 2710 castrorum
996 2653 1178 2737 apparatu
1211 2665 1286 2710 non
1325 2642 1419 2712 satis

297 2763 530 2862 providerit,
572 2777 687 2862 atque
717 2762 873 2834 insimul
901 2765 1219 2862 quotiescumque
1246 2790 1307 2836 res
1339 2779 1420 2836 tar-

297 2887 382 2960 dius
406 2889 584 2988 gesserit.
609 2892 691 2961 Jam
716 2913 806 2961 vero
841 2887 954 2959 simili
985 2886 1099 2959 modo
1131 2891 1268 2986 agitur,
1294 2891 1419 2988 spisse

298 3012 445 3114 scilicet
457 3029 495 3087 et
512 3012 676 3099 tardius3
694 3015 747 3084 ita
759 3027 799 3084 ut
808 3012 885 3108 jam
898 3014 1035 3084 iterum
1053 3010 1232 3085 damnum
1253 3028 1291 3086 et
1305 3012 1419 3086 dede*

298 3164 365 3212 cus
397 3137 600 3211 metuenda
625 3163 711 3211 esse
742 3137 954 3209 videantur.
978 3138 1011 3206 1))
1030 3140 1151 3232 Quam
1188 3141 1418 3211 sententiam

298 3279 535 3363 quantopere
550 3289 639 3335 vera
657 3265 707 3335 sit
723 3277 764 3334 ut
783 3259 1044 3348 ostendamus
1064 3262 1310 3337 considerare
1325 3261 1420 3336 libet

298 3416 411 3487 quam
429 3388 578 3461 felicem
597 3389 739 3460 exitum
759 3386 872 3459 fuerit
887 3402 1116 3460 consecutus
1137 3387 1335 3488 Philippus
1352 3392 1416 3461 IV.

293 3517 335 3585 in
354 3513 598 3611 expeditione
619 3531 733 3610 quam
754 3538 853 3583 anno
877 3513 1102 3585 M.CCC.IV.
1136 3515 1173 3583 in
1202 3512 1417 3586 Flandriam

299 3641 430 3724 movit,
447 3663 533 3709 cum
548 3636 595 3710 de
611 3652 892 3709 commeatuum
908 3639 1040 3734 reique
1054 3636 1312 3710 frumentariae
1329 3665 1419 3712 cura

299 3762 450 3835 abunde
468 3764 662 3860 provisum
680 3761 805 3844 fuerit,
833 3759 934 3859 quod
956 3788 976 3833 e
993 3761 1158 3859 quodam
1183 3763 1417 3864 chronogra-

292 3889 396 3984 pltt'ae
406 3913 536 3988 regum
547 3888 785 3958 Francorum
801 3886 886 3958 loco
903 3901 1055 3958 constat
1070 3911 1077 3958 :
1092 3916 1108 3956 <r
1125 3889 1171 3960 Et
1183 3891 1271 3985 quia
1284 3914 1418 3961 currus

335 4082 359 4131 1.
382 4079 445 4140 Or,
459 4078 543 4132 Arck.
557 4087 629 4140 nat,
643 4079 658 4129 J
672 4079 751 4140 1030,
764 4079 847 4138 n065;
861 4080 904 4130 ed.
919 4079 954 4130 H.
969 4080 1160 4142 Monrnvnxri,
1173 4079 1418 4154 Chronographia,

300 4165 322 4227 t,
339 4165 400 4215 119.
