3044 5082
570 411 619 422 ..
648 368 765 453 ΗΝ..

105 520 207 591 Petri
245 517 292 590 de
322 522 443 590 Boscc
483 517 614 591 libello
649 521 785 616 agitur,
826 519 974 592 scilicet
1017 519 1227 592 Palatinum

103 643 338 726 inferiorem,
355 643 455 715 ferro
487 658 525 716 et
549 645 627 744 igni
654 646 862 742 pervastari
880 645 1076 742 jusserint.
1095 649 1229 718 Petrus

103 767 153 840 de
169 771 293 840 Roseo
308 771 474 867 perrexit
496 767 678 868 deinceps
702 799 708 842 :

157 893 1034 992 <rQuibussiepremissisregiaMajestassuum
1050 920 1229 992 magnum

102 1019 313 1090 exercitum
333 1020 503 1116 equiturn
520 1034 558 1092 et
578 1017 751 1118 peditum
773 1021 1010 1092 transmittet
1027 1018 1072 1090 ad
1088 1034 1228 1092 terram

102 1142 224 1228 illam,
243 1168 327 1214 eum
343 1141 456 1215 blada
470 1169 631 1243 granum
646 1143 788 1218 habere
805 1146 1003 1243 incipient,
1017 1159 1056 1217 et
1070 1145 1228 1216 veniens

103 1269 296 1340 exercitus
315 1267 362 1340 ad
381 1268 551 1366 singulas
568 1271 744 1342 civitates
761 1285 799 1342 et
822 1283 959 1356 castra,
982 1272 1011 1341 si
1032 1295 1231 1368 recusave-

103 1395 182 1464 rint
207 1394 309 1466 intus
330 1395 538 1466 existentes
559 1397 720 1492 aperire,
742 1395 802 1468 vel
832 1397 961 1467 statim
991 1393 1037 1465 ad
1066 1394 1229 1492 prelium

104 1533 335 1616 campestre,
358 1517 461 1617 quod
489 1519 544 1590 eis
573 1517 769 1604 offeretur,
804 1520 948 1604 venire,
994 1520 1231 1617 extirpentur

103 1667 241 1714 omnes
268 1645 392 1729 vinee,
413 1643 569 1716 arbores
608 1643 804 1717 fructifere
837 1659 875 1716 et
907 1659 1058 1742 segetes
1087 1668 1229 1716 consu-

105 1783 271 1852 mantur,
294 1794 362 1866 per
379 1783 498 1842 totam
518 1781 672 1841 terram.
696 1771 879 1842 Homines
904 1795 981 1841 non
998 1767 1231 1841 interfician-

103 1908 181 1980 tur,
200 1877 274 1964 nisi
290 1892 475 1966 facientes
491 1909 529 1966 et
550 1908 747 1966 moventes
767 1894 968 1980 insultum;
988 1909 1026 1966 et
1046 1893 1229 1966 insultum

105 2017 364 2104 moventibus,
388 2020 460 2090 nisi
485 2021 695 2092 necessitas
714 2022 840 2118 exigat
860 2017 962 2092 aliud
987 2018 1082 2103 fieri,
1106 2017 1229 2090 solum

105 2141 228 2214 altera
264 2168 398 2215 manus
433 2143 493 2216 vel
524 2169 592 2242 pes
621 2158 851 2242 amputetur,
885 2168 933 2216 ne
961 2141 1228 2216 decedentium

105 2269 233 2339 anime
249 2265 294 2339 ad
314 2267 455 2341 inferos
470 2271 791 2342 transmittantur.
811 2267 1084 2341 provideantur
1101 2284 1227 2341 autem

105 2393 405 2492 circumquaque
427 2391 604 2466 ducatum
627 2392 813 2466 fortalicia
829 2395 1077 2492 proximiora3
1100 2394 1227 2491 quein

106 2542 221 2588 manu
251 2519 357 2617 regia
384 2532 614 2606 teneantur;
641 2517 780 2606 bladis,
813 2518 1040 2590 animalibus
1071 2533 1117 2591 et.
1146 2517 1229 2590 aliis

105 2639 296 2714 fructibus
317 2642 418 2715 illius
438 2657 538 2716 terre
560 2643 794 2743 depopulate
826 2646 1066 2731 muniantur;
1094 2658 1136 2716 ut
1160 2641 1226 2731 ibi,

106 2769 277 2842 exercitu
312 2792 450 2865 magno
488 2767 706 2851 recedente,
741 2783 964 2841 remaneant
992 2783 1228 2867 pugnatores

106 2891 343 2966 sufficientes
359 2891 404 2964 ad
421 2892 804 2966 custodiendumvias
816 2908 854 2966 et
866 2893 1063 2966 districtus
1079 2918 1225 2966 omnes.

107 3021 165 3089 lta
197 3043 283 3088 cum
329 3019 494 3090 exercitu
532 3033 570 3090 et
603 3017 746 3117 populo
776 3044 888 3117 quem
926 3017 1044 3102 ducit,
1085 3020 1227 3090 victum

106 3141 262 3214 aliunde
288 3167 364 3213 non
396 3145 519 3241 possit
547 3143 705 3230 habere;
736 3169 804 3242 per
832 3143 930 3216 banc
959 3145 1057 3214 viam
1086 3143 1162 3215 dux
1190 3157 1229 3215 et

106 3282 214 3340 totus
225 3266 390 3365 populus
400 3269 477 3340 cito
492 3266 627 3340 famem
642 3271 847 3367 patiantur,
858 3284 1038 3355 utcanes3
1053 3271 1227 3341 etvivere

105 3416 187 3464 non
202 3406 395 3488 poterunt,
414 3435 463 3445 -
483 3390 675 3491 quomodo
701 3395 843 3490 poterit
863 3395 964 3490 ipse,
988 3395 1227 3492 consumptis

105 3514 287 3589 incendio
308 3515 418 3599 fenis
438 3517 684 3590 straminibus
704 3533 742 3590 et
760 3517 881 3617 paleis
899 3544 943 3589 ac
965 3520 1095 3617 granis
1114 3521 1226 3590 unius

107 3643 198 3713 anni
209 3640 344 3713 detota
361 3667 428 3714 sua
445 3656 545 3714 terra
562 3645 769 3714 exercitum
787 3641 927 3715 ducere
939 3646 951 3715 l
963 3668 1085 3715 -nee
1100 3645 1227 3742 regios

106 3780 343 3867 pugnatores
355 3769 788 3840 circumeuntesterram
800 3768 1103 3866 suaminhyeme
1114 3794 1227 3866 expu-

105 3916 240 3988 gnare.
265 3889 342 3963 Sub
363 3891 632 3989 penasimilem
654 3891 991 3991 depopulationem
1012 3893 1227 3965 sustinendi

107 4015 357 4115 prohibeatur
383 4014 666 4090 districtissime
687 4016 967 4090 habitatoribus
995 4032 1032 4090 et
1060 4015 1226 4090 dominis

107 4142 279 4215 omnium
306 4141 660 4239 circumpositarum
681 4145 880 4241 regionum
901 4168 949 4216 ne
971 4144 1066 4242 ipsis
1101 4141 1226 4240 aliqua
