3044 5082
523 996 681 1069 CAPUT
712 996 745 1068 V

122 1229 166 1273 DE
196 1227 445 1274 COMMEATIBUS
467 1227 570 1274 INTRA
591 1227 720 1272 PATRIAE
742 1225 841 1272 ulnus
862 1224 1142 1272 connmflurrurs.

123 1463 197 1535 Vix
222 1462 323 1534 enim
351 1461 429 1558 jam
457 1457 795 1532 demonstrandum
829 1473 932 1532 esset
961 1473 1126 1530 armatos
1158 1473 1196 1532 et

79 1611 201 1684 equos
215 1583 321 1657 brevi
339 1583 410 1656 sub
428 1600 601 1683 tempore
614 1583 713 1656 lame
732 1582 972 1656 laboraturos
988 1583 1104 1656 luisse
1123 1585 1196 1656 nisi

77 1735 188 1810 reges
209 1724 248 1782 et
268 1711 501 1783 exercituum
520 1707 650 1796 duces
673 1710 834 1780 maxima
854 1707 1068 1808 diligentia,
1091 1734 1197 1782 com-

77 1834 267 1908 meatibus
287 1833 547 1907 convehendis
563 1833 835 1932 providissent.

124 1961 219 2055 Quae
234 1985 319 2032 cum
335 1961 388 2032 ita
401 1961 491 2045 sint,
510 1984 587 2030 non
601 1957 723 2030 solum
735 1961 988 2057 garnisiones,
1004 1960 1042 2030 in
1059 1957 1197 2058 quibus

77 2083 248 2170 bladum,
302 2084 549 2169 frumentum,
596 2108 728 2170 avena,
780 2083 922 2156 cibaria
968 2083 1119 2157 diversa
1160 2099 1198 2156 et

77 2207 261 2306 pabulum
288 2206 514 2306 reperienda
533 2209 624 2293 sint,
647 2209 687 2278 in
709 2207 863 2307 oppidis
886 2207 1195 2307 civitatibusque,

78 2335 122 2405 iis
152 2333 377 2433 regionibus
421 2331 487 2404 ubi
532 2331 780 2432 pugnandum
820 2347 924 2405 esset
957 2335 1195 2432 propinquis

78 2457 314 2531 instruendae
329 2457 455 2532 medio
469 2484 551 2530 aevo
570 2457 799 2530 videbantur
811 2459 836 2544 ¹,
851 2456 918 2530 sed
934 2459 1049 2530 etiam
1065 2484 1198 2532 nume-

77 2609 164 2656 rosa
184 2609 326 2682 pecora
350 2609 509 2656 necesse
535 2598 616 2656 erat
637 2608 763 2655 emere
783 2608 867 2682 quae
888 2581 935 2654 ad
964 2582 1196 2682 pascendum

78 2709 114 2778 in
140 2722 252 2808 prata
273 2707 319 2779 ab
341 2709 388 2779 iis
409 2706 549 2780 linibus
569 2733 703 2807 parurn
720 2722 866 2780 remota
886 2706 1129 2794 ducerentur,
1152 2735 1198 2782 eo

78 2831 242 2906 consilio
264 2843 319 2920 ut,
342 2832 505 2932 singulis
528 2831 677 2918 diebus
696 2834 819 2905 victus
841 2835 995 2906 armatis
1016 2832 1199 2933 suppedi-

77 2957 185 3030 tandi
220 2983 353 3042 causa,
381 2957 499 3031 boves
537 2972 576 3030 et
608 2983 699 3030 oves
732 2957 999 3030 contrucidare
1033 2973 1197 3032 vacaret.

79 3083 271 3156 Nonnulla
306 3085 408 3156 enim
457 3084 562 3182 regia
599 3081 804 3154 mandata2
846 3085 1017 3156 invenies
1051 3108 1201 3156 necnon

112 3301 138 3352 1.
161 3299 195 3350 ln
207 3296 350 3350 nonnullis
363 3297 452 3368 regiis
466 3297 606 3368 compotis
621 3299 656 3350 de
671 3317 683 3349 a
700 3297 914 3368 garnisionibus
927 3309 1038 3352 monete
1055 3319 1067 3349 u
1084 3299 1202 3370 insuper

79 3384 176 3454 agitur
193 3403 198 3434 z
216 3381 380 3453 «Cepimus
397 3401 594 3453 superregem
616 3383 644 3434 in
664 3382 798 3452 expensis
820 3385 856 3434 dc
879 3401 983 3453 guerra
1003 3402 1056 3453 pro
1076 3383 1202 3436 denariis

78 3467 195 3521 traditis
221 3466 343 3520 Johanni
376 3468 474 3529 Paele,
499 3485 552 3537 pro
574 3467 701 3537 negociis
723 3467 812 3537 regis,
837 3486 889 3537 per
912 3467 1145 3521 Bertbolomeum
1168 3469 1202 3521 de

79 3548 194 3619 Porgue
212 3555 240 3600 et
259 3545 410 3600 Falconem
429 3547 544 3600 Tedesh
559 3547 733 3600 monetarios
755 3549 830 3618 apud
850 3548 1041 3602 Tornacum...
1066 3567 1118 3618 pro
1140 3565 1202 3618 gar·

78 3631 243 3686 nisionibus
258 3640 369 3684 monete
384 3631 649 3684 Tornacensibus...
670 3633 717 3684 Vm
738 3630 777 3684 lb.
800 3641 836 3684 tr.
862 3651 885 3683 n.
910 3633 953 3686 17.
971 3633 1017 3684 die
1038 3632 1106 3684 Maii
1122 3634 1201 3690 1301.

79 3717 155 3770 Bibl.
172 3723 245 3777 nat„
262 3735 316 3770 ms.
328 3715 377 3768 lat.
395 3715 475 3777 9783,
490 3717 509 3770 f.
527 3717 588 3770 114.
829 3769 830 3772 ,

114 3804 140 3853 2.
168 3820 179 3852 a
197 3800 249 3854 Ph.
266 3819 317 3870 par
331 3799 358 3854 la
374 3819 460 3870 grace
476 3801 511 3852 de
524 3801 614 3862 Dieu,
628 3801 688 3854 rois
713 3802 747 3853 de
764 3802 882 3860 France.
899 3819 913 3853 a
933 3811 998 3854 touz
1019 3802 1202 3864 seneschaus‚

78 3885 178 3947 hallis,
193 3903 306 3956 preren,
322 3904 451 3956 sergens,
475 3885 638 3948 menistreS‚
657 3905 670 3938 a
694 3896 759 3940 touz
777 3905 829 3940 nos
848 3896 944 3939 autres
965 3888 1100 3957 soubgez‚
1119 3888 1203 3943 salut.

78 3973 161 4025 Nous
174 3988 245 4023 vous
259 3970 397 4022 mandons
413 3989 426 4022 a
442 3979 507 4023 tous
525 3979 552 4022 et
570 3989 583 4022 a
603 3971 728 4024 chascun
743 3972 778 4024 de
790 3989 870 4032 reue,
886 3991 940 4042 que
954 3990 1023 4024 vous
1040 3971 1163 4024 delirrez
1179 3982 1206 4024 et

77 4053 184 4108 balliez
199 4064 265 4106 tous
280 4053 345 4106 bois
365 4063 393 4106 et
413 4063 510 4106 autres
531 4064 702 4125 pasturages
726 4073 741 4107 a
756 4074 808 4108 nos
824 4055 932 4117 bestes‚
954 4055 1093 4126 lesquelle
1109 4057 1206 4126 Looys

80 4139 213 4207 Chibert,
225 4139 250 4190 J.
262 4140 297 4190 de
308 4139 481 4200 Petit-Pont,
499 4139 614 4192 Nicolas
628 4150 655 4193 et
670 4139 761 4192 Jehan
774 4141 819 4193 diz
830 4140 979 4201 Bonelille‚
996 4159 1033 4194 ou
1049 4139 1112 4193 leur
1123 4141 1208 4193 coad-

133 4245 339 4287 stans-Baranam.
351 4267 376 4276 -
385 4245 414 4286 Dc
423 4259 484 4286 exerc.
496 4257 595 4287 commeat.
1131 4246 1144 4285 4
