2984 5152
556 387 753 460 ..69-

78 543 299 611 vocabatur
322 537 481 636 Tydone
506 537 647 612 Cudoir
673 541 824 612 onerari
851 540 1041 614 frumento
1071 541 1213 617 lecerat

78 661 188 758 apud
209 662 429 749 Libornam,
452 677 491 735 et
510 661 697 748 eamdem,
717 690 786 762 per
813 679 950 764 gentes
979 691 1080 750 suas,
1108 681 1213 740 recta

75 787 140 858 via
164 785 270 885 apud
285 786 488 875 Calesium,
512 814 581 886 pro
605 787 779 861 subsidio
800 791 978 889 gencium
998 805 1212 864 nostrarum

77 908 175 982 duci
196 911 363 984 faciebat
379 911 426 984 de
447 911 603 985 licentia
624 927 662 986 et
686 939 846 986 assensu
869 915 1071 988 senescalli
1092 921 1211 990 nostri

77 1039 294 1124 Vasconis,
306 1037 504 1109 castellani
516 1037 564 1109 de
578 1040 766 1110 Froissart
778 1054 816 1112 et
834 1039 992 1112 aliorum
1009 1041 1212 1114 custodum

77 1177 269 1258 portuum
310 1176 547 1247 nostrorum,
590 1178 629 1235 et
664 1189 751 1234 cum
790 1163 928 1237 litteris
970 1165 1211 1252 eorumdem,

78 1285 271 1385 quodque
286 1286 511 1360 Guillelmus
524 1287 706 1361 Guerardi
724 1302 762 1362 et
779 1289 1003 1363 Guillelmus
1023 1290 1071 1364 de
1086 1295 1214 1364 Mona·

79 1413 222 1494 sterio,
244 1410 338 1483 duas
363 1437 479 1484 naves
499 1427 654 1486 vocatas
671 1413 709 1485 la
727 1415 894 1510 Bofurde
913 1428 952 1487 et
979 1415 1017 1486 la
1036 1415 1211 1502 Maricla,

80 1561 179 1608 cum
201 1535 403 1608 Guillelmo
425 1535 473 1608 de
490 1537 703 1638 Burdegala
728 1553 767 1610 et
785 1540 948 1611 Martino
970 1541 1145 1612 llierome
1167 1540 1214 1614 de

80 1665 202 1733 Loire
222 1677 260 1734 et
276 1659 358 1732 aliis
377 1660 630 1760 complicibus
653 1664 745 1748 suis,
770 1688 838 1761 per
851 1689 952 1736 mare
970 1663 1155 1738 ducentes
1176 1681 1215 1738 et

82 1789 146 1858 eis
172 1785 390 1872 obviantes,
418 1788 640 1860 invaserunt
663 1801 701 1860 et
722 1787 1019 1864 vulneraverunt
1041 1789 1212 1876 eosdem,

83 1926 126 1983 et
151 1913 257 2010 ipsos
276 1910 465 1984 violenter
485 1927 524 1985 et
551 1912 691 2008 injuste
714 1927 859 1984 etcum
886 1915 1001 1986 armis
1024 1913 1215 2012 spoliave-

84 2051 180 2109 runt
195 2035 297 2108 dicta
313 2039 397 2108 navi
409 2052 447 2109 et
459 2036 652 2110 lrumento
666 2063 735 2109 suo
748 2040 839 2110 inea
850 2041 1053 2124 existente,
1067 2053 1214 2137 peteret

85 2161 217 2235 dictos
234 2163 430 2234 invasores
451 2160 631 2260 compelli
643 2159 697 2233 'ad
719 2162 791 2234 sihi
813 2161 1048 2236 reddendum
1069 2163 1214 2237 dictum

85 2285 262 2375 bladum,
286 2288 317 2358 si
335 2302 452 2376 extat,
474 2286 643 2385 alioquin
660 2301 876 2384 nongentas
892 2287 1008 2360 libras
1028 2291 1215 2386 parisien-

86 2415 190 2484 sium
207 2437 276 2509 pro
295 2413 377 2509 ejus
394 2410 544 2499 valore3
565 2426 604 2483 et
636 2438 657 2484 e
681 2427 815 2484 contra
844 2412 936 2485 dicti
964 2411 1215 2486 defendentes

87 2551 351 2634 proponerent
372 2562 427 2620 se,
446 2529 491 2608 ex
520 2552 629 2636 parte
655 2551 799 2622 nostra,
822 2537 869 2608 ad
896 2537 1108 2610 custodiam
1127 2564 1216 2637 por-

87 2676 201 2733 tuum
221 2659 439 2759 deputatOS,
471 2661 616 2734 utendo
643 2687 713 2734 suo
733 2661 875 2749 olfici0,
897 2662 1038 2734 dictam
1065 2689 1212 2748 navem,

88 2789 182 2885 quia
199 2801 279 2859 erat
297 2785 345 2858 de
365 2784 555 2888 Flandria,
585 2787 693 2884 cujus
719 2789 902 2887 magister
928 2803 1009 2860 erat
1033 2791 1215 2860 Martinus

89 2915 184 2994 Dor,
202 2911 423 3010 Flamingus
449 2925 487 2983 et
520 2912 699 2984 inimicus
721 2925 864 3000 noster,
886 2927 1019 2985 contra
1048 2911 1214 2984 bannum

91 3051 268 3108 nostrum
286 3034 331 3107 ad
346 3037 523 3108 inimicos
538 3051 693 3108 nostros
709 3052 862 3109 euntem
877 3063 963 3109 cum
982 3036 1095 3108 blado
1112 3039 1148 3106 in
1170 3063 1215 3108 eo

91 3163 295 3246 existente,
318 3176 514 3258 tamquam
535 3159 647 3232 nobis
669 3164 889 3248 commisso,
909 3164 1012 3259 juste
1038 3177 1076 3233 et
1099 3164 1216 3234 racio-

91 3285 274 3358 nabiliter
296 3287 461 3384 cepisse,
491 3287 653 3358 maxime
681 3312 767 3358 cum
794 3289 914 3384 ipsius
944 3285 1213 3370 conductores

91 3409 329 3484 sufficienter
349 3409 396 3481 ab
417 3411 472 3482 eis
496 3412 684 3509 requisiti,
706 3410 851 3482 nollent
869 3410 982 3483 fidem
1014 3410 1139 3482 facere
1168 3409 1216 3482 de

92 3561 164 3608 suo
179 3534 386 3623 conductu,
405 3534 473 3607 sed
489 3535 667 3607 chablum
685 3561 794 3607 suum
811 3535 1019 3624 sciderunt,
1034 3551 1074 3608 ut
1086 3535 1216 3631 fugere

91 3675 265 3760 possent,
288 3659 462 3758 pluribus
479 3659 699 3732 nacionibus
718 3675 896 3758 petentes
913 3685 985 3732 sea
1002 3661 1102 3731 dicta
1121 3663 1216 3757 peti-

92 3788 205 3858 cione
225 3784 384 3872 absolvi,
408 3799 447 3858 et
469 3784 614 3857 dictum
639 3784 835 3856 Nicolaum
855 3787 893 3856 in
914 3783 1089 3858 ducentis
1109 3783 1215 3857 libris

91 3911 376 4011 parisiensium,
394 3937 465 4010 pro
480 3909 658 4009 dampnis
675 3909 747 3982 sibi
759 3935 827 4009 per
837 3910 909 3982 hoc
923 3909 1039 3981 illatis
1056 3909 1102 3980 ab
1115 3911 1212 4008 ipsc,

94 4036 169 4136 sibi
203 4034 490 4108 sentencialiter
511 4033 799 4132 condempnari.
824 4033 1012 4116 Tandem,
1040 4035 1216 4132 inquesta

96 4186 213 4260 super
227 4159 300 4233 hiis
314 4157 425 4247 facta,
437 4162 519 4232 visa
533 4172 571 4234 et
589 4157 794 4256 diligenter
809 4161 1035 4244 examinata,
1053 4158 1215 4260 predicti
