2984 5152
766 335 959 406 ..82-

352 487 446 559 Cum
472 509 571 556 anno
603 485 830 570 M.CCC.X.‚
862 485 1020 558 Carolus
1049 484 1189 558 Valesii
1224 510 1352 558 comes
1378 498 1408 554 et

303 608 420 682 frater
465 611 593 708 Regia,
640 612 848 682 exercitum
885 609 1113 709 Lugdunum
1157 609 1331 695 duceret,
1370 607 1408 678 ab

302 736 397 832 ipsis
422 736 537 832 regiis
566 731 773 820 officiariis,
791 749 1073 808 commeatuum
1096 759 1226 818 causa,
1249 733 1409 806 ecclesiae

304 860 548 932 Nivernensis
565 857 733 930 decanus
759 873 799 931 at
823 859 1032 958 capitulum
1054 858 1200 932 ablatas
1221 874 1260 932 et
1283 857 1409 955 depor-

304 997 401 1056 tatas
431 1007 519 1056 suas
558 1007 618 1056 res
655 985 829 1081 ingratiis
861 986 963 1083 passi
1009 997 1110 1056 suut.
1156 982 1249 1056 lnde
1293 980 1409 1052 multa

303 1107 468 1206 querelae
516 1135 523 1178 :
560 1107 699 1206 quibus
740 1107 879 1181 auditis
916 1107 1116 1207 Philippus
1154 1107 1316 1180 Pulcher
1353 1130 1409 1178 eos

303 1234 527 1306 nominatim
557 1231 830 1332 significandos
857 1231 964 1306 duxit
984 1232 1123 1332 quibus
1144 1257 1218 1318 rea,
1242 1231 1288 1304 ad
1313 1256 1409 1304 exer-

303 1361 403 1431 citus
423 1355 694 1456 providendos,
713 1357 861 1430 auferre
877 1357 1011 1430 liceret
1030 1385 1037 1428 :
1063 1386 1080 1428 c
1097 1360 1152 1431 Ne
1165 1357 1267 1430 bona
1280 1357 1407 1456 aliqua,

304 1484 459 1581 scripsit
474 1483 698 1580 justiciariis
712 1485 833 1581 regni,
852 1484 990 1570 saisiri,
1013 1483 1205 1571 arrestari,
1223 1484 1319 1582 capi,
1332 1481 1407 1552 duci

303 1607 363 1680 vel
379 1609 565 1705 asportari
583 1609 736 1679 minime
753 1609 983 1706 permittatis
998 1633 1067 1706 per
1087 1607 1252 1706 aliquos,
1267 1609 1335 1678 nisi
1350 1630 1410 1703 per

304 1748 455 1804 nostras
474 1731 534 1805 vel
553 1731 759 1804 liberorum
776 1745 840 1804 aut
855 1731 1012 1805 fratrum
1026 1746 1259 1820 nostrorum,
1274 1745 1408 1804 consta-

304 1856 440 1931 bularii
461 1859 631 1942 Francia,
660 1856 983 1943 marescallorum‚
1007 1859 1180 1958 magistri
1204 1857 1408 1930 balistario-

304 2009 386 2054 rum
413 1997 644 2068 nostrorum‚
669 1981 728 2054 vel
753 1980 883 2054 dilecti
911 1997 949 2054 et
973 1981 1098 2054 lidelis
1124 1983 1340 2080 ingerranni
1367 1977 1408 2049 de

303 2109 535 2204 Marigniaco
560 2105 690 2179 militis
712 2121 750 2180 et
770 2105 998 2179 cambellani
1019 2108 1154 2194 nostri,
1180 2107 1241 2180 vel
1264 2105 1407 2200 alicujus

304 2234 472 2330 ipsorum
517 2246 694 2329 patentes
738 2231 885 2304 litteras
930 2256 1045 2330 super
1088 2231 1162 2306 hoc
1203 2229 1407 2302 mandatum

303 2355 469 2428 habeant
490 2372 527 2429 et
543 2358 620 2429 sint
638 2355 857 2454 specialiter
874 2355 1059 2454 deputati.
1074 2357 1084 2402 ¹
1109 2385 1126 2425 u

340 2605 365 2657 l.
389 2625 400 2650 r
416 2604 516 2656 Actum
531 2603 670 2660 Parisius,
688 2601 734 2653 die
752 2620 813 2652 xxv.
834 2601 913 2660 Julii,
933 2619 1004 2654 anno
1021 2601 1135 2654 Domini
1149 2601 1311 2653 M.CCC.X.
1331 2620 1342 2648 u
1361 2597 1405 2649 Or.

308 2707 359 2749 sc.,
376 2687 510 2741 Archias
523 2687 557 2740 de
574 2686 602 2740 la
616 2687 725 2746 Νἱὲννε,
742 2687 767 2736 G
783 2686 826 2746 54,
841 2687 886 2737 ed.
899 2686 935 2738 H.
950 2687 985 2737 de
1000 2686 1139 2747 Flamma,
1154 2704 1202 2756 pp.
1226 2686 1302 2737 9-10.
