3044 5082
762 367 932 438 ..6-

337 517 484 613 Quibus
496 515 614 590 addas
628 516 745 590 duces
758 516 844 590 illos
861 517 1078 618 militesque
1091 517 1409 618 quamplurimOS,

286 641 484 741 epularum
508 641 801 742 magnificentia
826 657 1015 730 assuetos
1045 645 1236 715 incastris
1257 667 1411 716 mensa-

287 793 370 840 rum
386 766 518 840 eadem
535 766 820 867 magnificentia
840 770 1109 840 instructarum
1124 781 1350 866 appetentes
1366 795 1411 841 se

287 892 498 992 praebuisse
514 922 521 978 ;
541 918 665 992 neque
700 891 790 966 inde
806 891 1019 966 mirandum
1037 894 1083 979 si,
1094 918 1162 991 per
1177 895 1289 966 istam
1303 893 1411 966 luxu-

289 1018 398 1104 riam,
421 1016 594 1090 ciborum
613 1043 721 1116 aeque
747 1017 970 1117 ampliorem
995 1019 1145 1117 copiam
1161 1043 1408 1117 consumpse-

291 1143 379 1213 rint.
756 1238 759 1247 Ι

338 1267 432 1340 Cum
483 1267 617 1337 Franci
663 1281 701 1339 et
749 1266 914 1366 Anglici,
957 1266 1133 1366 Philippo
1181 1271 1413 1366 cognomine

289 1391 463 1490 Augusto
486 1405 524 1464 et
545 1390 734 1463 Richardo
755 1395 782 1462 l.
802 1391 1064 1490 regnantibus,
1086 1417 1131 1464 eo
1157 1408 1342 1464 venerunt
1369 1408 1412 1465 ut

289 1518 327 1588 in
358 1518 568 1588 Saracenos
589 1515 733 1588 bellum
760 1515 956 1604 inferrent,
976 1516 1125 1616 Angliae
1146 1543 1223 1598 rex,
1251 1532 1293 1591 ut
1321 1517 1410 1590 huic

289 1640 510 1714 victualium
541 1639 782 1740 dissipationi
814 1641 967 1714 nel'ariae
995 1641 1179 1728 obstaret,
1207 1645 1329 1716 vetuit
1362 1669 1412 1714 ne

290 1766 428 1865 aliquis
454 1765 563 1838 miles
585 1781 733 1838 tantum
751 1783 1000 1864 praesumeret
1020 1767 1167 1866 utplus
1189 1794 1302 1868 quam
1316 1767 1412 1840 duas

292 1889 380 1962 cibo
400 1903 558 1963 onustas
577 1890 706 1963 lances
727 1893 765 1961 in
784 1916 913 1964 mensa
934 1894 1074 1991 apponi
1094 1891 1260 1990 juberet.

341 2017 510 2087 Exeunte
533 2031 658 2088 autem
685 2013 986 2114 quartodecimo
1007 2017 1149 2090 sacculo
1170 2017 1348 2091 Nicolaus
1364 2017 1413 2091 de

293 2139 537 2238 ClemangiiS,
566 2142 603 2210 in
623 2139 786 2238 epistola
811 2167 925 2239 quam
953 2140 998 2213 ad
1023 2141 1232 2214 iohannem
1260 2141 1307 2214 de
1334 2146 1414 2215 Jer-

292 2267 401 2336 sonio
445 2267 561 2350 misit,
596 2264 680 2336 illas
719 2291 740 2336 a
778 2265 963 2338 militibus
1003 2263 1146 2339 bellum
1187 2267 1413 2367 gerentibus

292 2403 505 2462 exstructas
530 2392 869 2489 conquisitissimis
902 2390 1000 2464 cibis
1032 2417 1184 2465 mensas
1214 2395 1339 2491 arguit
1364 2391 1414 2466 de

291 2515 526 2588 exercituum
543 2513 715 2587 cladibus
731 2530 769 2589 et
784 2515 1087 2588 turbationibus:
1109 2543 1126 2586 «
1141 2519 1411 2616 Utpostrem0,

291 2643 356 2724 ait,
367 2639 427 2712 lex
439 2641 477 2710 in
492 2642 595 2712 victu
612 2638 752 2712 etordo
768 2655 970 2739 ponantur,
986 2641 1095 2714 luxus
1111 2655 1149 2715 et
1165 2641 1413 2740 superfluitas

291 2763 476 2836 tollantur
495 2763 703 2862 epulatum,
726 2791 796 2838 nec
820 2781 926 2840 tanta
947 2765 1128 2839 lautiores
1156 2767 1264 2839 cibos
1290 2767 1414 2840 avidi-

294 2904 373 2962 tate
393 2892 681 2987 concupiscant.
693 2891 826 2963 Molles
846 2893 988 2990 quippe
1004 2891 1062 2962 hae
1075 2890 1216 2964 delitiae
1231 2891 1416 2991 paulatim

295 3011 425 3086 viriles
443 3016 590 3086 animos
612 3013 846 3101 effeminant,
870 3041 1030 3114 corpora
1049 3031 1233 3090 enervant
1253 3032 1292 3091 et
1312 3017 1416 3089 fran-

295 3154 403 3239 gunt,
427 3166 472 3212 ex
493 3139 655 3213 fortibus
681 3155 718 3213 et
739 3143 905 3213 strenuis
922 3141 1107 3214 militibus
1133 3141 1275 3214 laboris
1292 3145 1416 3241 impa-

295 3267 435 3338 tientes
451 3264 634 3338 elliciunt.
659 3295 676 3335 n

346 3392 412 3462 His
457 3390 605 3463 accedit
652 3391 755 3490 quod
795 3394 936 3490 saepius
971 3391 1114 3464 bellurn
1146 3392 1298 3489 longius
1336 3407 1418 3465 tra-

295 3515 458 3588 hebatur
491 3543 578 3588 cum
609 3515 750 3616 oppida
778 3514 1030 3616 expugnanda
1069 3532 1211 3590 essent.
1243 3519 1418 3616 Scriptor

294 3640 500 3740 praeclarus
532 3640 634 3713 illius
666 3643 803 3728 atatis,
835 3645 893 3714 cui
913 3645 1046 3714 Petrus
1069 3639 1117 3714 de
1138 3645 1260 3714 Bosoo
1275 3667 1416 3715 nomen

296 3781 396 3852 erat,
434 3768 472 3836 in
515 3757 645 3837 libello
693 3795 710 3837 u
748 3765 796 3838 de
841 3767 1100 3838 abreviatione
1128 3792 1350 3866 guerrarum
1396 3795 1414 3838 >>

297 3892 502 3990 inscripto¹
539 3906 653 3988 atque
688 3894 804 3964 misso
833 3891 879 3964 ad
911 3894 1141 3964 Francorum
1172 3917 1300 3991 regem
1327 3894 1418 3965 Phi-

333 4084 358 4134 1.
380 4081 510 4135 Libellus
536 4081 704 4134 inscribitur
721 4083 929 4136 :«.Summaria
948 4083 1045 4136 brevis
1074 4093 1101 4136 et
1127 4085 1330 4154 compendiosa
1346 4086 1416 4138 doc-

294 4169 368 4220 trina
385 4167 475 4220 felicis
493 4167 688 4237 expedicionis
707 4177 735 4220 et
754 4168 962 4221 abreviacionis
985 4187 1154 4240 guerrarum
1177 4187 1208 4221 uc
1224 4169 1318 4222 litium
1333 4171 1416 4241 regni
