<?xml version="1.0" encoding="UTF-8"?>
<!DOCTYPE html PUBLIC "-//W3C//DTD XHTML 1.0 Transitional//EN"
    "http://www.w3.org/TR/xhtml1/DTD/xhtml1-transitional.dtd">
<html xmlns="http://www.w3.org/1999/xhtml" xml:lang="en" lang="en">
 <head>
  <title>
</title>
<meta http-equiv="Content-Type" content="text/html;charset=utf-8" />
  <meta name='ocr-system' content='tesseract 3.04.00' />
  <meta name='ocr-capabilities' content='ocr_page ocr_carea ocr_par ocr_line ocrx_word'/>
</head>
<body>
  <div class='ocr_page' id='page_1' title='image "./deexercituumcom00funcgoog_0047.png"; bbox 0 0 3044 5082; ppageno 0'>
   <div class='ocr_carea' id='block_1_1' title="bbox 795 361 985 432">
    <p class='ocr_par' dir='ltr' id='par_1_1' title="bbox 795 361 985 432">
     <span class='ocr_line' id='line_1_1' title="bbox 795 361 985 432; baseline -0.005 -16"><span class='ocrx_word' id='word_1_1' title='bbox 795 361 985 432; x_wconf 72' lang='lat'>...32-</span> 
     </span>
    </p>
   </div>
   <div class='ocr_carea' id='block_1_2' title="bbox 304 509 1450 2110">
    <p class='ocr_par' dir='ltr' id='par_1_2' title="bbox 304 509 1444 1084">
     <span class='ocr_line' id='line_1_2' title="bbox 379 509 1444 612; baseline -0.005 -27"><span class='ocrx_word' id='word_1_2' title='bbox 379 514 528 611; x_wconf 88' lang='lat' dir='ltr'>Saepius</span> <span class='ocrx_word' id='word_1_3' title='bbox 546 513 661 585; x_wconf 90' lang='lat' dir='ltr'>etiam</span> <span class='ocrx_word' id='word_1_4' title='bbox 682 512 914 586; x_wconf 89' lang='lat' dir='ltr'>frumentum</span> <span class='ocrx_word' id='word_1_5' title='bbox 932 513 970 584; x_wconf 91' lang='lat' dir='ltr'>in</span> <span class='ocrx_word' id='word_1_6' title='bbox 993 510 1165 612; x_wconf 89' lang='lat' dir='ltr'>singulos</span> <span class='ocrx_word' id='word_1_7' title='bbox 1182 524 1349 583; x_wconf 86' lang='lat' dir='ltr'>armatos</span> <span class='ocrx_word' id='word_1_8' title='bbox 1369 509 1444 581; x_wconf 89' lang='lat' dir='ltr'>dis-</span> 
     </span>
     <span class='ocr_line' id='line_1_3' title="bbox 328 635 1443 737; baseline -0.002 -27"><span class='ocrx_word' id='word_1_9' title='bbox 328 635 570 710; x_wconf 79' lang='lat' dir='ltr'>tribuebatur</span> <span class='ocrx_word' id='word_1_10' title='bbox 598 637 778 737; x_wconf 86' lang='lat' dir='ltr'>stipendii</span> <span class='ocrx_word' id='word_1_11' title='bbox 803 637 902 723; x_wconf 84' lang='lat' dir='ltr'>loco,</span> <span class='ocrx_word' id='word_1_12' title='bbox 925 638 1068 736; x_wconf 82' lang='lat' dir='ltr'>quippe</span> <span class='ocrx_word' id='word_1_13' title='bbox 1088 663 1174 709; x_wconf 91' lang='lat' dir='ltr'>cum</span> <span class='ocrx_word' id='word_1_14' title='bbox 1200 635 1319 708; x_wconf 88' lang='lat' dir='ltr'>duces</span> <span class='ocrx_word' id='word_1_15' title='bbox 1339 661 1443 708; x_wconf 87' lang='lat' dir='ltr'>vere·</span> 
     </span>
     <span class='ocr_line' id='line_1_4' title="bbox 328 761 1443 860; baseline -0.004 -25"><span class='ocrx_word' id='word_1_16' title='bbox 328 776 473 850; x_wconf 85' lang='lat' dir='ltr'>rentur,</span> <span class='ocrx_word' id='word_1_17' title='bbox 488 788 563 835; x_wconf 95' lang='lat' dir='ltr'>non</span> <span class='ocrx_word' id='word_1_18' title='bbox 578 764 661 834; x_wconf 89' lang='lat' dir='ltr'>sine</span> <span class='ocrx_word' id='word_1_19' title='bbox 672 787 800 848; x_wconf 86' lang='lat' dir='ltr'>causa,</span> <span class='ocrx_word' id='word_1_20' title='bbox 811 769 880 852; x_wconf 82' lang='lat' dir='ltr'>ne,</span> <span class='ocrx_word' id='word_1_21' title='bbox 899 761 1081 860; x_wconf 92' lang='lat' dir='ltr'>stipendii</span> <span class='ocrx_word' id='word_1_22' title='bbox 1097 763 1264 833; x_wconf 88' lang='lat' dir='ltr'>nummis</span> <span class='ocrx_word' id='word_1_23' title='bbox 1284 762 1443 832; x_wconf 90' lang='lat' dir='ltr'>inconsi-</span> 
     </span>
     <span class='ocr_line' id='line_1_5' title="bbox 304 883 1444 984; baseline -0.004 -24"><span class='ocrx_word' id='word_1_24' title='bbox 304 883 309 894; x_wconf 79' lang='grc'><em>’</em></span> <span class='ocrx_word' id='word_1_25' title='bbox 329 887 460 960; x_wconf 89' lang='lat' dir='ltr'>derate</span> <span class='ocrx_word' id='word_1_26' title='bbox 477 885 624 976; x_wconf 83' lang='lat' dir='ltr'>effusis,</span> <span class='ocrx_word' id='word_1_27' title='bbox 641 900 747 960; x_wconf 92' lang='lat' dir='ltr'>totus</span> <span class='ocrx_word' id='word_1_28' title='bbox 768 885 815 960; x_wconf 85' lang='lat' dir='ltr'>ad</span> <span class='ocrx_word' id='word_1_29' title='bbox 834 886 996 958; x_wconf 93' lang='lat' dir='ltr'>militum</span> <span class='ocrx_word' id='word_1_30' title='bbox 1017 888 1159 958; x_wconf 83' lang='lat' dir='ltr'>victum</span> <span class='ocrx_word' id='word_1_31' title='bbox 1177 900 1354 984; x_wconf 85' lang='lat' dir='ltr'>sumptus</span> <span class='ocrx_word' id='word_1_32' title='bbox 1375 885 1444 957; x_wconf 91' lang='lat' dir='ltr'>sibi</span> 
     </span>
     <span class='ocr_line' id='line_1_6' title="bbox 330 1011 610 1084; baseline -0.007 0"><span class='ocrx_word' id='word_1_33' title='bbox 330 1011 570 1084; x_wconf 82' lang='lat' dir='ltr'>incumberet</span> <span class='ocrx_word' id='word_1_34' title='bbox 585 1012 610 1082; x_wconf 88' lang='lat'>¹.</span> 
     </span>
    </p>

    <p class='ocr_par' dir='ltr' id='par_1_3' title="bbox 329 1134 1450 2110">
     <span class='ocr_line' id='line_1_7' title="bbox 379 1134 1445 1236; baseline -0.003 -27"><span class='ocrx_word' id='word_1_35' title='bbox 379 1139 569 1210; x_wconf 84' lang='lat' dir='ltr'>Praeterea</span> <span class='ocrx_word' id='word_1_36' title='bbox 589 1135 762 1209; x_wconf 92' lang='lat' dir='ltr'>nonnulli</span> <span class='ocrx_word' id='word_1_37' title='bbox 787 1151 895 1209; x_wconf 89' lang='lat' dir='ltr'>erant</span> <span class='ocrx_word' id='word_1_38' title='bbox 915 1136 1033 1210; x_wconf 88' lang='lat' dir='ltr'>duces</span> <span class='ocrx_word' id='word_1_39' title='bbox 1050 1137 1115 1236; x_wconf 91' lang='lat' dir='ltr'>qui</span> <span class='ocrx_word' id='word_1_40' title='bbox 1131 1147 1173 1207; x_wconf 89' lang='lat' dir='ltr'>ut</span> <span class='ocrx_word' id='word_1_41' title='bbox 1193 1134 1334 1208; x_wconf 88' lang='lat' dir='ltr'>milites</span> <span class='ocrx_word' id='word_1_42' title='bbox 1355 1160 1445 1207; x_wconf 89' lang='lat' dir='ltr'>con·</span> 
     </span>
     <span class='ocr_line' id='line_1_8' title="bbox 330 1263 1446 1361; baseline -0.004 -25"><span class='ocrx_word' id='word_1_43' title='bbox 330 1263 463 1361; x_wconf 88' lang='lat' dir='ltr'>scripti</span> <span class='ocrx_word' id='word_1_44' title='bbox 482 1287 672 1334; x_wconf 80' lang='lat' dir='ltr'>annonam</span> <span class='ocrx_word' id='word_1_45' title='bbox 689 1263 726 1332; x_wconf 92' lang='lat' dir='ltr'>in</span> <span class='ocrx_word' id='word_1_46' title='bbox 740 1287 857 1334; x_wconf 90' lang='lat' dir='ltr'>unum</span> <span class='ocrx_word' id='word_1_47' title='bbox 870 1287 1040 1334; x_wconf 88' lang='lat' dir='ltr'>mensem</span> <span class='ocrx_word' id='word_1_48' title='bbox 1060 1287 1190 1334; x_wconf 90' lang='lat' dir='ltr'>secum</span> <span class='ocrx_word' id='word_1_49' title='bbox 1208 1275 1446 1360; x_wconf 82' lang='lat' dir='ltr'>asportarent</span> 
     </span>
     <span class='ocr_line' id='line_1_9' title="bbox 329 1385 1445 1486; baseline -0.004 -28"><span class='ocrx_word' id='word_1_50' title='bbox 329 1386 582 1486; x_wconf 79' lang='lat' dir='ltr'>imperabant,</span> <span class='ocrx_word' id='word_1_51' title='bbox 617 1401 658 1458; x_wconf 94' lang='lat' dir='ltr'>ut</span> <span class='ocrx_word' id='word_1_52' title='bbox 687 1385 807 1485; x_wconf 87' lang='lat' dir='ltr'>liquet</span> <span class='ocrx_word' id='word_1_53' title='bbox 836 1412 882 1458; x_wconf 87' lang='lat' dir='ltr'>cx</span> <span class='ocrx_word' id='word_1_54' title='bbox 910 1386 1070 1459; x_wconf 91' lang='lat' dir='ltr'>historia</span> <span class='ocrx_word' id='word_1_55' title='bbox 1103 1385 1194 1458; x_wconf 88' lang='lat' dir='ltr'>belli</span> <span class='ocrx_word' id='word_1_56' title='bbox 1227 1387 1397 1483; x_wconf 89' lang='lat' dir='ltr'>suscepti</span> <span class='ocrx_word' id='word_1_57' title='bbox 1428 1409 1445 1454; x_wconf 89' lang='lat' dir='ltr'>a</span> 
     </span>
     <span class='ocr_line' id='line_1_10' title="bbox 330 1507 1445 1610; baseline -0.004 -26"><span class='ocrx_word' id='word_1_58' title='bbox 330 1515 443 1586; x_wconf 89' lang='lat' dir='ltr'>Petro</span> <span class='ocrx_word' id='word_1_59' title='bbox 464 1511 512 1585; x_wconf 91' lang='lat' dir='ltr'>de</span> <span class='ocrx_word' id='word_1_60' title='bbox 529 1513 721 1610; x_wconf 82' lang='lat' dir='ltr'>Aragonia</span> <span class='ocrx_word' id='word_1_61' title='bbox 738 1526 872 1584; x_wconf 90' lang='lat' dir='ltr'>contra</span> <span class='ocrx_word' id='word_1_62' title='bbox 890 1510 1081 1599; x_wconf 89' lang='lat' dir='ltr'>Carolum‚</span> <span class='ocrx_word' id='word_1_63' title='bbox 1097 1507 1240 1586; x_wconf 90' lang='lat' dir='ltr'>Valesii</span> <span class='ocrx_word' id='word_1_64' title='bbox 1255 1511 1445 1592; x_wconf 79' lang='lat' dir='ltr'>comitem,</span> 
     </span>
     <span class='ocr_line' id='line_1_11' title="bbox 331 1633 1448 1733; baseline -0.007 -21"><span class='ocrx_word' id='word_1_65' title='bbox 331 1663 431 1712; x_wconf 91' lang='lat' dir='ltr'>anno</span> <span class='ocrx_word' id='word_1_66' title='bbox 475 1638 626 1710; x_wconf 90' lang='lat' dir='ltr'>Domini</span> <span class='ocrx_word' id='word_1_67' title='bbox 671 1638 1022 1722; x_wconf 84' lang='lat' dir='ltr'><strong>M.CC.LXXX.II.‚</strong></span> <span class='ocrx_word' id='word_1_68' title='bbox 1073 1661 1187 1733; x_wconf 91' lang='lat' dir='ltr'>quam</span> <span class='ocrx_word' id='word_1_69' title='bbox 1231 1633 1448 1707; x_wconf 86' lang='lat' dir='ltr'>Ramundus</span> 
     </span>
     <span class='ocr_line' id='line_1_12' title="bbox 331 1756 1445 1860; baseline -0.006 -25"><span class='ocrx_word' id='word_1_70' title='bbox 331 1767 534 1836; x_wconf 88' lang='lat' dir='ltr'>Muntaner</span> <span class='ocrx_word' id='word_1_71' title='bbox 553 1763 699 1860; x_wconf 89' lang='lat' dir='ltr'>optime</span> <span class='ocrx_word' id='word_1_72' title='bbox 718 1763 896 1834; x_wconf 90' lang='lat' dir='ltr'>narravit.</span> <span class='ocrx_word' id='word_1_73' title='bbox 921 1763 961 1833; x_wconf 91' lang='lat' dir='ltr'>ln</span> <span class='ocrx_word' id='word_1_74' title='bbox 982 1756 1110 1832; x_wconf 84' lang='lat' dir='ltr'>Sicilia</span> <span class='ocrx_word' id='word_1_75' title='bbox 1135 1785 1197 1832; x_wconf 89' lang='lat' dir='ltr'>res</span> <span class='ocrx_word' id='word_1_76' title='bbox 1224 1759 1445 1857; x_wconf 88' lang='lat' dir='ltr'>agebantur.</span> 
     </span>
     <span class='ocr_line' id='line_1_13' title="bbox 333 1883 1449 1985; baseline -0.005 -25"><span class='ocrx_word' id='word_1_77' title='bbox 333 1891 445 1960; x_wconf 84' lang='lat' dir='ltr'>«Per</span> <span class='ocrx_word' id='word_1_78' title='bbox 469 1901 590 1959; x_wconf 87' lang='lat' dir='ltr'>totam</span> <span class='ocrx_word' id='word_1_79' title='bbox 618 1887 795 1976; x_wconf 85' lang='lat' dir='ltr'>insulam,</span> <span class='ocrx_word' id='word_1_80' title='bbox 827 1888 950 1985; x_wconf 91' lang='lat' dir='ltr'>inquit</span> <span class='ocrx_word' id='word_1_81' title='bbox 982 1889 1197 1970; x_wconf 84' lang='lat' dir='ltr'>Muntaner,</span> <span class='ocrx_word' id='word_1_82' title='bbox 1235 1887 1370 1957; x_wconf 84' lang='lat' dir='ltr'>Petrus</span> <span class='ocrx_word' id='word_1_83' title='bbox 1405 1883 1449 1955; x_wconf 87' lang='lat' dir='ltr'>dc</span> 
     </span>
     <span class='ocr_line' id='line_1_14' title="bbox 331 2009 1450 2110; baseline -0.006 -24"><span class='ocrx_word' id='word_1_84' title='bbox 331 2013 523 2110; x_wconf 84' lang='lat' dir='ltr'>Aragonia</span> <span class='ocrx_word' id='word_1_85' title='bbox 546 2009 774 2110; x_wconf 88' lang='lat' dir='ltr'>proclamari</span> <span class='ocrx_word' id='word_1_86' title='bbox 792 2013 906 2110; x_wconf 89' lang='lat' dir='ltr'>jussit</span> <span class='ocrx_word' id='word_1_87' title='bbox 930 2035 1063 2083; x_wconf 92' lang='lat' dir='ltr'>omnes</span> <span class='ocrx_word' id='word_1_88' title='bbox 1092 2011 1208 2094; x_wconf 80' lang='lat' dir='ltr'>viros,</span> <span class='ocrx_word' id='word_1_89' title='bbox 1232 2009 1450 2108; x_wconf 89' lang='lat' dir='ltr'>quindecim</span> 
     </span>
    </p>
   </div>
   <div class='ocr_carea' id='block_1_3' title="bbox 311 2135 1452 2236">
    <p class='ocr_par' dir='ltr' id='par_1_4' title="bbox 311 2135 1452 2236">
     <span class='ocr_line' id='line_1_15' title="bbox 311 2135 1452 2236; baseline -0.005 -25"><span class='ocrx_word' id='word_1_90' title='bbox 311 2135 528 2236; x_wconf 89' lang='lat' dir='ltr'>usquead</span> <span class='ocrx_word' id='word_1_91' title='bbox 560 2139 760 2234; x_wconf 84' lang='lat' dir='ltr'>sexaginta</span> <span class='ocrx_word' id='word_1_92' title='bbox 811 2161 932 2208; x_wconf 89' lang='lat' dir='ltr'>annos</span> <span class='ocrx_word' id='word_1_93' title='bbox 961 2148 1085 2220; x_wconf 76' lang='lat' dir='ltr'>natea,</span> <span class='ocrx_word' id='word_1_94' title='bbox 1121 2138 1350 2208; x_wconf 77' lang='lat' dir='ltr'>panormum</span> <span class='ocrx_word' id='word_1_95' title='bbox 1382 2137 1452 2207; x_wconf 92' lang='lat' dir='ltr'>iter</span> 
     </span>
    </p>
   </div>
   <div class='ocr_carea' id='block_1_4' title="bbox 329 2259 1461 4228">
    <p class='ocr_par' dir='ltr' id='par_1_5' title="bbox 329 2259 1454 3236">
     <span class='ocr_line' id='line_1_16' title="bbox 330 2259 1452 2360; baseline -0.003 -26"><span class='ocrx_word' id='word_1_96' title='bbox 330 2261 473 2335; x_wconf 87' lang='lat' dir='ltr'>habere</span> <span class='ocrx_word' id='word_1_97' title='bbox 492 2288 578 2334; x_wconf 92' lang='lat' dir='ltr'>cum</span> <span class='ocrx_word' id='word_1_98' title='bbox 603 2263 718 2333; x_wconf 91' lang='lat' dir='ltr'>armis</span> <span class='ocrx_word' id='word_1_99' title='bbox 739 2276 777 2334; x_wconf 89' lang='lat' dir='ltr'>et</span> <span class='ocrx_word' id='word_1_100' title='bbox 798 2285 896 2360; x_wconf 89' lang='lat' dir='ltr'>pane</span> <span class='ocrx_word' id='word_1_101' title='bbox 921 2262 1091 2332; x_wconf 91' lang='lat' dir='ltr'>inunum</span> <span class='ocrx_word' id='word_1_102' title='bbox 1114 2285 1299 2346; x_wconf 88' lang='lat' dir='ltr'>mensem,</span> <span class='ocrx_word' id='word_1_103' title='bbox 1318 2273 1357 2331; x_wconf 92' lang='lat' dir='ltr'>et</span> <span class='ocrx_word' id='word_1_104' title='bbox 1378 2259 1452 2331; x_wconf 93' lang='lat' dir='ltr'>duo</span> 
     </span>
     <span class='ocr_line' id='line_1_17' title="bbox 332 2384 1452 2486; baseline -0.004 -28"><span class='ocrx_word' id='word_1_105' title='bbox 332 2385 450 2459; x_wconf 90' lang='lat' dir='ltr'>millia</span> <span class='ocrx_word' id='word_1_106' title='bbox 488 2385 816 2486; x_wconf 87' lang='lat' dir='ltr'>almogavarorum</span> <span class='ocrx_word' id='word_1_107' title='bbox 847 2386 1051 2458; x_wconf 82' lang='lat' dir='ltr'>Massiuam</span> <span class='ocrx_word' id='word_1_108' title='bbox 1080 2384 1194 2456; x_wconf 89' lang='lat' dir='ltr'>simul</span> <span class='ocrx_word' id='word_1_109' title='bbox 1227 2386 1348 2469; x_wconf 88' lang='lat' dir='ltr'>misit;</span> <span class='ocrx_word' id='word_1_110' title='bbox 1388 2387 1452 2482; x_wconf 91' lang='lat' dir='ltr'>qui</span> 
     </span>
     <span class='ocr_line' id='line_1_18' title="bbox 330 2509 1453 2608; baseline -0.005 -24"><span class='ocrx_word' id='word_1_111' title='bbox 330 2511 459 2584; x_wconf 90' lang='lat' dir='ltr'>villam</span> <span class='ocrx_word' id='word_1_112' title='bbox 480 2525 594 2584; x_wconf 88' lang='lat' dir='ltr'>nocte</span> <span class='ocrx_word' id='word_1_113' title='bbox 610 2526 699 2583; x_wconf 89' lang='lat' dir='ltr'>sunt</span> <span class='ocrx_word' id='word_1_114' title='bbox 715 2513 878 2608; x_wconf 86' lang='lat' dir='ltr'>ingressi</span> <span class='ocrx_word' id='word_1_115' title='bbox 900 2511 1103 2582; x_wconf 89' lang='lat' dir='ltr'>manticam</span> <span class='ocrx_word' id='word_1_116' title='bbox 1120 2511 1158 2580; x_wconf 90' lang='lat' dir='ltr'>in</span> <span class='ocrx_word' id='word_1_117' title='bbox 1173 2509 1342 2581; x_wconf 89' lang='lat' dir='ltr'>humeris</span> <span class='ocrx_word' id='word_1_118' title='bbox 1364 2534 1453 2607; x_wconf 92' lang='lat' dir='ltr'>por-</span> 
     </span>
     <span class='ocr_line' id='line_1_19' title="bbox 330 2632 1449 2734; baseline -0.005 -24"><span class='ocrx_word' id='word_1_119' title='bbox 330 2651 471 2710; x_wconf 88' lang='lat' dir='ltr'>tantes.</span> <span class='ocrx_word' id='word_1_120' title='bbox 503 2635 588 2708; x_wconf 89' lang='lat' dir='ltr'>Noli</span> <span class='ocrx_word' id='word_1_121' title='bbox 617 2635 719 2708; x_wconf 90' lang='lat' dir='ltr'>enim</span> <span class='ocrx_word' id='word_1_122' title='bbox 741 2649 876 2734; x_wconf 87' lang='lat' dir='ltr'>putare</span> <span class='ocrx_word' id='word_1_123' title='bbox 905 2633 1179 2734; x_wconf 88' lang='lat' dir='ltr'>impedimenta</span> <span class='ocrx_word' id='word_1_124' title='bbox 1213 2632 1289 2705; x_wconf 90' lang='lat' dir='ltr'>ulla</span> <span class='ocrx_word' id='word_1_125' title='bbox 1318 2659 1449 2721; x_wconf 88' lang='lat' dir='ltr'>secum</span> 
     </span>
     <span class='ocr_line' id='line_1_20' title="bbox 329 2748 1450 2860; baseline -0.003 -28"><span class='ocrx_word' id='word_1_126' title='bbox 329 2761 417 2834; x_wconf 93' lang='lat' dir='ltr'>illos</span> <span class='ocrx_word' id='word_1_127' title='bbox 441 2763 610 2860; x_wconf 86' lang='lat' dir='ltr'>gessisse</span> <span class='ocrx_word' id='word_1_128' title='bbox 637 2773 776 2859; x_wconf 82' lang='lat' dir='ltr'>praeter</span> <span class='ocrx_word' id='word_1_129' title='bbox 803 2785 941 2858; x_wconf 90' lang='lat' dir='ltr'>panem</span> <span class='ocrx_word' id='word_1_130' title='bbox 968 2761 1007 2830; x_wconf 93' lang='lat' dir='ltr'>in</span> <span class='ocrx_word' id='word_1_131' title='bbox 1034 2760 1198 2830; x_wconf 87' lang='lat' dir='ltr'>mantica</span> <span class='ocrx_word' id='word_1_132' title='bbox 1230 2773 1271 2832; x_wconf 91' lang='lat' dir='ltr'>ut</span> <span class='ocrx_word' id='word_1_133' title='bbox 1301 2748 1450 2843; x_wconf 81' lang='lat' dir='ltr'>solent3</span> 
     </span>
     <span class='ocr_line' id='line_1_21' title="bbox 332 2881 1451 2982; baseline -0.004 -25"><span class='ocrx_word' id='word_1_134' title='bbox 332 2911 418 2957; x_wconf 93' lang='lat' dir='ltr'>nam</span> <span class='ocrx_word' id='word_1_135' title='bbox 438 2910 568 2958; x_wconf 90' lang='lat' dir='ltr'>eorum</span> <span class='ocrx_word' id='word_1_136' title='bbox 586 2883 875 2958; x_wconf 89' lang='lat' dir='ltr'>consuetudinis</span> <span class='ocrx_word' id='word_1_137' title='bbox 891 2899 963 2970; x_wconf 86' lang='lat' dir='ltr'>est,</span> <span class='ocrx_word' id='word_1_138' title='bbox 984 2909 1069 2955; x_wconf 89' lang='lat' dir='ltr'>cum</span> <span class='ocrx_word' id='word_1_139' title='bbox 1082 2885 1120 2952; x_wconf 92' lang='lat' dir='ltr'>in</span> <span class='ocrx_word' id='word_1_140' title='bbox 1134 2883 1279 2956; x_wconf 90' lang='lat' dir='ltr'>bellum</span> <span class='ocrx_word' id='word_1_141' title='bbox 1300 2881 1451 2982; x_wconf 83' lang='lat' dir='ltr'>profec-</span> 
     </span>
     <span class='ocr_line' id='line_1_22' title="bbox 331 3006 1454 3110; baseline -0.006 -25"><span class='ocrx_word' id='word_1_142' title='bbox 331 3012 407 3085; x_wconf 89' lang='lat' dir='ltr'>turi</span> <span class='ocrx_word' id='word_1_143' title='bbox 431 3025 532 3097; x_wconf 87' lang='lat' dir='ltr'>sunt‚</span> <span class='ocrx_word' id='word_1_144' title='bbox 563 3036 679 3082; x_wconf 92' lang='lat' dir='ltr'>unum</span> <span class='ocrx_word' id='word_1_145' title='bbox 709 3035 847 3108; x_wconf 89' lang='lat' dir='ltr'>panem</span> <span class='ocrx_word' id='word_1_146' title='bbox 877 3035 946 3110; x_wconf 93' lang='lat' dir='ltr'>pro</span> <span class='ocrx_word' id='word_1_147' title='bbox 978 3033 1207 3106; x_wconf 90' lang='lat' dir='ltr'>unaquaque</span> <span class='ocrx_word' id='word_1_148' title='bbox 1233 3006 1296 3080; x_wconf 91' lang='lat' dir='ltr'>die</span> <span class='ocrx_word' id='word_1_149' title='bbox 1323 3033 1454 3080; x_wconf 91' lang='lat' dir='ltr'>secum</span> 
     </span>
     <span class='ocr_line' id='line_1_23' title="bbox 332 3147 536 3236; baseline -0.02 -28"><span class='ocrx_word' id='word_1_150' title='bbox 332 3147 536 3236; x_wconf 82' lang='lat' dir='ltr'>portare.»</span> 
     </span>
    </p>

    <p class='ocr_par' dir='ltr' id='par_1_6' title="bbox 330 3255 1461 4228">
     <span class='ocr_line' id='line_1_24' title="bbox 380 3255 1455 3356; baseline -0.007 -23"><span class='ocrx_word' id='word_1_151' title='bbox 380 3263 458 3333; x_wconf 91' lang='lat' dir='ltr'>Nec</span> <span class='ocrx_word' id='word_1_152' title='bbox 479 3259 570 3356; x_wconf 86' lang='lat' dir='ltr'>jam,</span> <span class='ocrx_word' id='word_1_153' title='bbox 594 3273 636 3331; x_wconf 91' lang='lat' dir='ltr'>ut</span> <span class='ocrx_word' id='word_1_154' title='bbox 660 3257 770 3330; x_wconf 82' lang='lat' dir='ltr'>facile</span> <span class='ocrx_word' id='word_1_155' title='bbox 800 3256 1006 3355; x_wconf 84' lang='lat' dir='ltr'>intelligas,</span> <span class='ocrx_word' id='word_1_156' title='bbox 1037 3258 1171 3329; x_wconf 87' lang='lat' dir='ltr'>armati</span> <span class='ocrx_word' id='word_1_157' title='bbox 1203 3255 1387 3328; x_wconf 90' lang='lat' dir='ltr'>victualia</span> <span class='ocrx_word' id='word_1_158' title='bbox 1419 3257 1455 3325; x_wconf 94' lang='lat' dir='ltr'>in</span> 
     </span>
     <span class='ocr_line' id='line_1_25' title="bbox 332 3383 1454 3485; baseline -0.004 -28"><span class='ocrx_word' id='word_1_159' title='bbox 332 3383 518 3485; x_wconf 91' lang='lat' dir='ltr'>plurimos</span> <span class='ocrx_word' id='word_1_160' title='bbox 571 3409 724 3456; x_wconf 90' lang='lat' dir='ltr'>menses</span> <span class='ocrx_word' id='word_1_161' title='bbox 777 3388 904 3455; x_wconf 91' lang='lat' dir='ltr'>secum</span> <span class='ocrx_word' id='word_1_162' title='bbox 961 3396 1203 3479; x_wconf 88' lang='lat' dir='ltr'>comportare</span> <span class='ocrx_word' id='word_1_163' title='bbox 1252 3394 1454 3478; x_wconf 84' lang='lat' dir='ltr'>poterant3</span> 
     </span>
     <span class='ocr_line' id='line_1_26' title="bbox 330 3505 1457 3609; baseline -0.006 -27"><span class='ocrx_word' id='word_1_164' title='bbox 330 3511 499 3602; x_wconf 86' lang='lat' dir='ltr'>hostium</span> <span class='ocrx_word' id='word_1_165' title='bbox 518 3533 610 3609; x_wconf 92' lang='lat' dir='ltr'>ergo</span> <span class='ocrx_word' id='word_1_166' title='bbox 631 3509 712 3608; x_wconf 85' lang='lat' dir='ltr'>agri</span> <span class='ocrx_word' id='word_1_167' title='bbox 732 3510 788 3580; x_wconf 87' lang='lat' dir='ltr'>eis</span> <span class='ocrx_word' id='word_1_168' title='bbox 803 3505 978 3579; x_wconf 82' lang='lat' dir='ltr'>vastandi</span> <span class='ocrx_word' id='word_1_169' title='bbox 995 3521 1117 3594; x_wconf 73' lang='lat' dir='ltr'>erant,</span> <span class='ocrx_word' id='word_1_170' title='bbox 1136 3521 1177 3579; x_wconf 92' lang='lat' dir='ltr'>ut</span> <span class='ocrx_word' id='word_1_171' title='bbox 1198 3531 1313 3604; x_wconf 90' lang='lat' dir='ltr'>supra</span> <span class='ocrx_word' id='word_1_172' title='bbox 1329 3507 1457 3604; x_wconf 87' lang='lat' dir='ltr'>scrip-</span> 
     </span>
     <span class='ocr_line' id='line_1_27' title="bbox 330 3628 1458 3732; baseline -0.007 -24"><span class='ocrx_word' id='word_1_173' title='bbox 330 3652 412 3710; x_wconf 85' lang='lat' dir='ltr'>tum</span> <span class='ocrx_word' id='word_1_174' title='bbox 428 3649 500 3724; x_wconf 89' lang='lat' dir='ltr'>est,</span> <span class='ocrx_word' id='word_1_175' title='bbox 521 3649 637 3732; x_wconf 90' lang='lat' dir='ltr'>atque</span> <span class='ocrx_word' id='word_1_176' title='bbox 657 3635 771 3705; x_wconf 89' lang='lat' dir='ltr'>etiam</span> <span class='ocrx_word' id='word_1_177' title='bbox 792 3631 1019 3704; x_wconf 88' lang='lat' dir='ltr'>cibariorum</span> <span class='ocrx_word' id='word_1_178' title='bbox 1050 3646 1089 3702; x_wconf 95' lang='lat' dir='ltr'>et</span> <span class='ocrx_word' id='word_1_179' title='bbox 1116 3628 1245 3730; x_wconf 91' lang='lat' dir='ltr'>pabuli</span> <span class='ocrx_word' id='word_1_180' title='bbox 1277 3633 1392 3728; x_wconf 89' lang='lat' dir='ltr'>copia</span> <span class='ocrx_word' id='word_1_181' title='bbox 1419 3632 1458 3700; x_wconf 90' lang='lat' dir='ltr'>in</span> 
     </span>
     <span class='ocr_line' id='line_1_28' title="bbox 330 3753 1458 3855; baseline -0.008 -21"><span class='ocrx_word' id='word_1_182' title='bbox 330 3756 681 3851; x_wconf 85' lang='lat' dir='ltr'>castris‚castellis</span> <span class='ocrx_word' id='word_1_183' title='bbox 709 3771 747 3830; x_wconf 89' lang='lat' dir='ltr'>et</span> <span class='ocrx_word' id='word_1_184' title='bbox 777 3757 913 3828; x_wconf 90' lang='lat' dir='ltr'>vicinis</span> <span class='ocrx_word' id='word_1_185' title='bbox 940 3753 1094 3855; x_wconf 92' lang='lat' dir='ltr'>oppidis</span> <span class='ocrx_word' id='word_1_186' title='bbox 1120 3753 1367 3842; x_wconf 78' lang='lat' dir='ltr'>instruenda3</span> <span class='ocrx_word' id='word_1_187' title='bbox 1392 3754 1458 3852; x_wconf 82' lang='lat' dir='ltr'>qui</span> 
     </span>
     <span class='ocr_line' id='line_1_29' title="bbox 332 3878 1460 3978; baseline -0.007 -20"><span class='ocrx_word' id='word_1_188' title='bbox 332 3899 568 3958; x_wconf 88' lang='lat' dir='ltr'>commeatus</span> <span class='ocrx_word' id='word_1_189' title='bbox 589 3885 628 3953; x_wconf 92' lang='lat' dir='ltr'>in</span> <span class='ocrx_word' id='word_1_190' title='bbox 656 3907 731 3954; x_wconf 95' lang='lat' dir='ltr'>uno</span> <span class='ocrx_word' id='word_1_191' title='bbox 752 3879 965 3978; x_wconf 90' lang='lat' dir='ltr'>eodemque</span> <span class='ocrx_word' id='word_1_192' title='bbox 980 3879 1066 3952; x_wconf 88' lang='lat' dir='ltr'>loco</span> <span class='ocrx_word' id='word_1_193' title='bbox 1081 3880 1309 3966; x_wconf 80' lang='lat' dir='ltr'>coacervati,</span> <span class='ocrx_word' id='word_1_194' title='bbox 1328 3878 1460 3952; x_wconf 89' lang='lat' dir='ltr'>medio</span> 
     </span>
     <span class='ocr_line' id='line_1_30' title="bbox 331 4001 1461 4106; baseline -0.01 -21"><span class='ocrx_word' id='word_1_195' title='bbox 331 4036 426 4096; x_wconf 87' lang='lat' dir='ltr'>aevo,</span> <span class='ocrx_word' id='word_1_196' title='bbox 464 4037 481 4079; x_wconf 76' lang='lat' dir='ltr'>u</span> <span class='ocrx_word' id='word_1_197' title='bbox 508 4009 751 4106; x_wconf 88' lang='lat' dir='ltr'>garnisiones</span> <span class='ocrx_word' id='word_1_198' title='bbox 782 4035 800 4077; x_wconf 73' lang='lat' dir='ltr'>r&gt;</span> <span class='ocrx_word' id='word_1_199' title='bbox 834 4005 1080 4078; x_wconf 89' lang='lat' dir='ltr'>vocabantur.</span> <span class='ocrx_word' id='word_1_200' title='bbox 1107 4001 1216 4077; x_wconf 91' lang='lat' dir='ltr'>Unde</span> <span class='ocrx_word' id='word_1_201' title='bbox 1236 4003 1402 4076; x_wconf 86' lang='lat' dir='ltr'>castella</span> <span class='ocrx_word' id='word_1_202' title='bbox 1422 4006 1461 4074; x_wconf 93' lang='lat' dir='ltr'>in</span> 
     </span>
     <span class='ocr_line' id='line_1_31' title="bbox 331 4129 1105 4228; baseline -0.012 -20"><span class='ocrx_word' id='word_1_203' title='bbox 331 4136 517 4208; x_wconf 79' lang='lat' dir='ltr'>marchiis</span> <span class='ocrx_word' id='word_1_204' title='bbox 535 4131 689 4206; x_wconf 90' lang='lat' dir='ltr'>cibariis</span> <span class='ocrx_word' id='word_1_205' title='bbox 705 4133 818 4203; x_wconf 91' lang='lat' dir='ltr'>variis</span> <span class='ocrx_word' id='word_1_206' title='bbox 835 4129 1105 4228; x_wconf 92' lang='lat' dir='ltr'>implebantur.</span> 
     </span>
    </p>
   </div>
   <div class='ocr_carea' id='block_1_5' title="bbox 367 4291 845 4362">
    <p class='ocr_par' dir='ltr' id='par_1_7' title="bbox 367 4291 845 4362">
     <span class='ocr_line' id='line_1_32' title="bbox 367 4291 845 4362; baseline -0.013 -14"><span class='ocrx_word' id='word_1_207' title='bbox 367 4298 393 4350; x_wconf 87' lang='lat'>1.</span> <span class='ocrx_word' id='word_1_208' title='bbox 414 4297 494 4350; x_wconf 86' lang='lat' dir='ltr'>Ram.</span> <span class='ocrx_word' id='word_1_209' title='bbox 512 4294 743 4362; x_wconf 71' lang='lat' dir='ltr'>Muntanencap.</span> <span class='ocrx_word' id='word_1_210' title='bbox 758 4291 845 4344; x_wconf 88' lang='lat' dir='ltr'><strong>LXII.</strong></span> 
     </span>
    </p>
   </div>
   <div class='ocr_carea' id='block_1_6' title="bbox 0 0 1533 5076">
    <p class='ocr_par' dir='ltr' id='par_1_8' title="bbox 0 0 1533 5076">
     <span class='ocr_line' id='line_1_33' title="bbox 0 0 1533 5076; baseline 0 0"><span class='ocrx_word' id='word_1_211' title='bbox 0 0 1533 5076; x_wconf 95' lang='lat' dir='ltr'> </span> 
     </span>
    </p>
   </div>
  </div>
 </body>
</html>
