2984 5152
569 411 764 484 ..99-

92 563 306 628 Flandreusi
324 561 483 626 exercitui
507 562 741 640 necessariam,
768 565 911 628 subhac
935 565 1036 630 lorma
1057 565 1226 632 commisi-

92 694 177 732 mus
197 669 381 734 faoieudam
405 695 410 732 :
434 669 466 732 in
490 668 609 756 primis
632 669 741 734 eidem
764 671 907 736 lohanni
929 672 1166 737 committimus
1192 687 1226 738 ut

91 777 192 864 ipse,
212 801 272 864 per
289 801 323 841 se
339 777 389 841 vel
406 800 467 863 per
486 776 601 856 alium,
616 801 673 841 seu
692 777 788 858 alios,
808 802 905 865 quem
922 779 972 842 vel
992 803 1075 866 quos
1091 779 1132 843 ad
1148 781 1224 858 hoc,

91 907 253 970 persnas
269 884 397 947 litteras
414 907 487 946 cum
499 884 706 971 presentium
718 886 922 972 transcripto
939 885 1227 976 sigilloautentico

91 990 267 1082 sigillato,
279 991 440 1078 deputare
456 990 611 1069 voluerit,
625 1017 640 1056 a
661 991 815 1078 personis
826 993 1107 1082 quibuscumque,
1122 994 1226 1058 eccle·

91 1097 249 1162 siasticis
261 1112 294 1162 et
310 1095 661 1175 mundanis,victualia
672 1123 880 1187 quecumque
894 1099 978 1165 ultra
991 1125 1105 1165 eorum
1120 1101 1226 1166 victus

91 1231 133 1268 su
165 1204 343 1269 rcienciam
365 1204 580 1282 habentibus,
611 1204 764 1270 victualia
793 1207 986 1294 hujusmodi
1007 1207 1226 1272 amicabiliter

91 1336 300 1398 comparare
317 1311 436 1398 possit,
453 1311 857 1400 mediantejustopreoio,
876 1315 917 1378 ab
934 1314 1223 1392 eodemJohanne,

90 1419 150 1484 vel
168 1418 340 1505 deputatis
356 1419 397 1482 ab
411 1443 463 1496 eo,
479 1418 671 1484 eorumdem
692 1418 884 1484 victualium
896 1421 1127 1486 venditoribus
1146 1446 1225 1484 ven-

91 1526 216 1590 dendo
233 1539 265 1590 et
278 1525 439 1589 solvendo
455 1525 495 1588 ad
507 1539 616 1590 certos
628 1526 803 1604 terminos,
815 1526 855 1590 de
870 1528 992 1614 quibus
1011 1527 1099 1592 inter
1116 1529 1224 1615 ipsum

92 1646 129 1694 et
140 1630 540 1718 venditoreshujusmodi
554 1631 776 1696 amicabiliter
786 1645 986 1696 conventum
999 1633 1110 1710 suerit,
1122 1648 1153 1697 et
1166 1659 1226 1720 pro

93 1739 226 1804 eodem
255 1739 383 1825 precio,
413 1763 447 1802 se
473 1763 534 1825 per
561 1763 636 1802 suas
664 1738 793 1802 litteras
821 1739 871 1804 vel
903 1740 1000 1804 aliter
1027 1741 1225 1831 obligando,

91 1846 255 1910 volentes
271 1846 423 1933 insuper,
435 1860 467 1909 et
483 1845 591 1910 eidem
603 1845 745 1909 Jobanni
760 1846 950 1932 specialiter
966 1849 1224 1918 committentes,

94 1968 134 2017 ut
152 1952 310 2018 victualia
330 1976 552 2040 quecumque,
573 1977 638 2039 que
659 1953 706 2016 sic
734 1952 774 2016 ad
799 1977 883 2040 opus
901 1953 1132 2042 garnisionum
1153 1979 1225 2042 pre-

93 2059 284 2138 dictarum,
305 2084 365 2147 per
390 2083 423 2124 se
440 2059 491 2123 vel
516 2059 730 2146 deputandos
751 2061 791 2124 ab
813 2083 864 2138 eo,
888 2061 1141 2148 comparaverit,
1160 2075 1225 2124 tam

95 2192 164 2251 per
185 2181 307 2230 terram
324 2191 422 2253 quam
448 2191 508 2253 per
535 2190 638 2244 mare,
658 2179 690 2230 et
711 2165 846 2252 quosvis
863 2165 979 2230 lluvios
997 2191 1081 2254 aque
1102 2167 1222 2244 dulciS,

93 2273 210 2337 libere
221 2274 261 2337 ad
273 2287 384 2362 partes
396 2273 620 2336 Flandrenses
638 2272 746 2336 mittat
759 2273 969 2360 quantociuS,
981 2288 1013 2336 et
1030 2298 1089 2359 pro
1099 2274 1224 2338 eisdem

94 2381 139 2443 ad
162 2379 409 2466 prestacionem
426 2378 574 2468 pedagii,
599 2379 807 2466 pontenagii,
829 2379 1024 2456 transversi,
1042 2380 1092 2442 vel
1113 2383 1224 2467 cujus-

95 2488 187 2550 libet
203 2485 340 2550 alterius
362 2500 533 2550 coustume
555 2485 690 2548 minime
711 2498 880 2564 teneatur;
900 2499 932 2549 et
953 2485 981 2548 si
1002 2485 1090 2550 idem
1106 2487 1224 2550 Johan-

94 2619 177 2670 nes,
195 2607 228 2657 et
248 2592 431 2680 deputandi
448 2594 488 2655 ab
505 2617 556 2670 eo,
574 2616 636 2679 pro
654 2591 815 2679 predictis
835 2593 1035 2656 victualibus
1052 2593 1092 2656 ad
1112 2607 1224 2681 partes

96 2700 274 2788 predictas
300 2699 488 2787 portandis,
518 2697 569 2762 vel
598 2698 674 2762 duci
704 2698 879 2778 faciendis,
911 2700 1056 2762 vecturis
1088 2713 1121 2763 et
1148 2700 1223 2764 aliis

96 2807 294 2898 indigeant,
330 2806 483 2870 volumus
514 2820 548 2870 ut
575 2830 694 2892 equos,
727 2805 844 2884 mulas,
866 2805 1074 2882 sommarios,
1111 2831 1222 2884 naves,

96 2915 296 3003 quadrigas,
309 2938 366 2978 seu
380 2927 532 2976 vecturas
551 2911 632 2976 alias
654 2912 718 2976 sibi
739 2912 780 2976 ad
798 2913 862 2976 hoo
879 2913 1096 2990 necessarias,
1115 2938 1132 2976 a
1152 2937 1224 3000 per-

95 3021 196 3086 sonis
212 3020 431 3108 quibuslibet,
450 3044 514 3107 que
530 3020 592 3082 hee
606 3017 796 3097 habuerint,
808 3019 974 3083 mediante
987 3023 1078 3106 justo
1093 3021 1218 3106 precio,

96 3125 142 3188 ab
161 3123 453 3200 eodemlnhanne,
472 3121 513 3185 ad
527 3121 689 3184 terminos
706 3121 878 3208 dequibus
895 3136 1092 3185 conventum
1111 3122 1221 3200 fuerit,

95 3229 229 3294 eisdem
248 3228 473 3293 oreditoribus
499 3226 671 3291 reddendo
688 3242 720 3291 et
748 3227 922 3304 solvendo,
952 3228 1134 3314 accipiant,
1166 3253 1223 3293 seu

96 3337 209 3402 eciam
221 3350 360 3424 propter
377 3335 441 3399 hoc
449 3333 643 3425 obligando.
658 3335 692 3400 si
704 3359 782 3398 vero
799 3335 909 3422 alique
922 3333 962 3398 de
979 3335 1134 3422 personis
1151 3361 1223 3423 pre·

96 3441 478 3518 dictisvictualia‚ultra
492 3442 724 3505 earumvietus
739 3441 1220 3522 sullicieuciam,velvecturas,

97 3559 159 3612 aut
175 3545 237 3610 alia
254 3545 294 3609 ad
311 3543 472 3632 premissa
492 3543 678 3607 necessaria
697 3545 872 3622 habentes,
889 3569 926 3608 ea
945 3544 1113 3608 maliciose
1131 3569 1223 3632 repo-

97 3665 235 3731 nerent,
268 3651 319 3716 vel
359 3651 517 3728 vendere,
548 3650 598 3714 vel
638 3650 770 3714 tradere
801 3651 965 3714 mediante
991 3654 1081 3738 justo
1110 3653 1224 3738 precio

97 3759 244 3836 nollent,
267 3772 300 3822 et
320 3758 400 3822 alibi
417 3758 457 3822 de
473 3759 596 3822 talibus
610 3757 783 3821 commode
797 3757 988 3844 recuperari
1009 3782 1074 3821 non
1095 3774 1221 3846 posset,

96 3867 254 3932 volumus
269 3866 358 3954 quod
376 3865 464 3928 idem
481 3867 660 3940 lohannes
674 3864 724 3927 vel
740 3863 923 3950 deputandi
940 3865 980 3928 ab
993 3889 1044 3942 eo,
1055 3865 1221 3940 victualia,

96 3987 267 4049 vecturas,
289 3986 321 4036 et
337 3971 399 4036 alia
417 3973 457 4036 ad
478 3972 639 4058 premissa
658 3971 857 4048 necessaria,
881 3971 912 4034 in
937 3971 1018 4034 locis
1047 3971 1079 4034 in
1102 3972 1223 4059 quibus

137 4204 162 4254 1..
188 4199 295 4254 Gallice
311 4199 463 4262 Saint-Pol,
474 4199 552 4252 alias
568 4199 898 4259 S.-Pol-sur-'l*ern0ise‚
910 4201 975 4268 dc'p.
995 4200 1222 4254 Pas-dc·CalaiS.
