3044 5082
749 278 937 402 ..g-i

277 484 425 578 gravari
442 481 671 556 multociens
682 481 813 556 docuit
830 497 868 556 et
881 481 1057 582 probavit
1071 486 1251 584 magistra
1267 509 1393 556 rerum

277 609 529 706 experienoia.
562 610 679 707 Regia
726 610 827 680 enim
864 610 1042 705 Majestas
1074 612 1220 682 intrans
1254 625 1394 682 terram

278 733 533 822 inimicorum,
555 735 586 805 si
603 758 766 832 paucum
788 705 903 807 ducat
924 737 1146 822 exercitum,
1170 737 1246 806 cito
1270 736 1396 833 oppri-

279 872 415 946 metur,
439 862 470 930 si
500 857 674 944 multum,
694 883 763 958 per
790 857 1032 936 obsidionem
1063 862 1218 932 vincere
1245 858 1392 944 volenS,

279 982 344 1056 diu
361 982 478 1056 stabit
505 986 542 1055 in
562 983 647 1056 loco
664 1009 835 1056 unooum
852 988 1000 1082 magnis
1013 985 1209 1058 hominurn
1226 999 1266 1058 et
1280 1010 1397 1083 equo-

215 1155 216 1158 =
280 1110 395 1194 rum¹,
416 1134 503 1180 curn
534 1108 663 1181 multis
689 1111 872 1208 penuriis.
902 1109 1118 1183 Nobiliores
1147 1109 1195 1182 de
1227 1111 1396 1182 exercitu

207 1233 211 1242 ’
279 1231 504 1332 plerumque
530 1259 686 1332 magnas
707 1223 916 1307 incurrunt.
935 1234 1164 1334 Aliquand0‚
1182 1260 1281 1306 anno
1305 1259 1395 1319 unc,

279 1361 340 1430 vix
370 1339 434 1430 aut
459 1384 549 1444 uon,
568 1361 740 1457 capietur
757 1358 985 1432 fortalicium
1006 1386 1135 1432 unum.
1158 1359 1196 1432 Si
1210 1361 1395 1459 capiatur,

282 1482 396 1582 longe
414 1481 595 1582 expendit
610 1483 696 1582 plus
708 1487 888 1584 princeps
905 1483 953 1556 de
969 1484 1081 1557 bonis
1092 1487 1171 1557 suis
1189 1500 1227 1558 et
1243 1509 1396 1556 suorum

283 1634 396 1708 quam
415 1607 517 1681 valet
537 1610 618 1706 ejus
633 1624 876 1708 conquestus,
915 1640 932 1680 a

333 1762 350 1803 a
369 1736 528 1832 Propter
537 1733 671 1832 longas
683 1749 721 1806 et
732 1734 1288 1834 periculosasaosumptuosas²
1299 1733 1401 1806 obsi-

284 1857 419 1932 diones
454 1859 686 1956 hujusmodi‚
719 1874 758 1932 et
788 1858 921 1932 modos
956 1859 1153 1960 pugnandi
1190 1858 1399 1946 videndos

284 1983 507 2083 plerumque
522 1982 617 2056 fiunt
631 1985 938 2082 composiciones
951 1983 1400 2084 dampnose³potenoiori

284 2111 395 2207 parti.
419 2107 611 2182 Obsidens
636 2111 674 2180 in
694 2123 795 2181 terra
820 2108 955 2195 aliena,
979 2111 1086 2208 quasi
1106 2111 1188 2181 sine
1207 2134 1403 2207 compara-

284 2235 408 2317 eione,
421 2232 507 2333 plus
528 2232 708 2333 expendit
731 2249 769 2306 et
791 2259 951 2306 necesse
975 2233 1090 2308 habet
1110 2233 1340 2333 expendere,
1364 2249 1405 2306 et

284 2357 392 2456 plura
420 2357 589 2456 pericula
612 2372 650 2430 et
674 2357 838 2457 dampna
864 2361 1041 2446 sustinet,
1063 2385 1176 2458 quarn
1201 2357 1401 2448 obsessuS,

284 2486 347 2583 qui
368 2482 415 2556 de
434 2484 570 2555 vicinis
590 2483 808 2556 civitatibus
824 2498 862 2556 et
881 2482 1021 2582 opidis,
1035 2482 1188 2582 quando
1205 2483 1277 2556 sibi
1297 2483 1403 2557 videt

287 2608 480 2707 expedire,
498 2622 627 2707 potest
645 2633 782 2681 vocare
802 2624 840 2680 et
871 2608 995 2682 facere
1017 2608 1175 2681 silenter
1196 2612 1403 2682 convenire

284 2750 405 2807 totam
431 2732 597 2832 plebem,
631 2759 652 2805 a
681 2733 796 2832 longe
822 2736 1154 2831 supervenientem
1193 2737 1402 2806 exercitum

276 2847 527 2958 ¹gravaturam
542 2885 627 2931 oum
644 2857 1000 2957 paucis'laboribUS,
1019 2858 1196 2957 dampnis
1212 2873 1249 2931 et
1264 2885 1402 2958 expen·

287 2988 340 3056 sis
356 2982 404 3056 dc
419 2986 601 3083 proximis
618 2983 795 3056 domibus
813 2986 977 3083 propriis
997 2984 1271 3058 venientium
1285 3014 1301 3052 »

336 3106 1404 3208 Maximumincommodum,quodexhocbellandimodo

288 3233 531 3321 nascebatur,
559 3236 799 3334 potissimum
822 3232 915 3305 illud
936 3233 1039 3332 quod
1067 3259 1126 3306 res
1156 3234 1403 3339 frumentaria

289 3360 335 3432 ad
357 3361 564 3433 exercitum
583 3361 644 3431 vix
667 3361 882 3458 supportari
907 3375 1038 3456 posset
1057 3388 1064 3444 ;
1088 3358 1184 3430 adeo
1208 3374 1248 3430 ut
1270 3361 1404 3430 Petrus

286 3485 334 3558 de
354 3489 476 3557 Bosoo
497 3485 713 3582 scripserit:

323 3719 349 3771 1.
370 3717 423 3768 Hic
438 3716 622 3768 desideratur
636 3715 664 3767 in
679 3715 777 3768 codice
789 3715 908 3768 verbum
922 3715 1047 3786 aliquod.

323 3803 348 3852 2.
370 3802 401 3852 In
410 3801 509 3853 codice
522 3801 629 3870 legitur
641 3821 655 3851 a
670 3810 888 3869 assumptuosas
901 3822 925 3852 n.

321 3887 348 3938 3.
370 3888 402 3938 In
417 3886 514 3938 codice
530 3884 636 3953 legitur
650 3907 663 3935 a
677 3885 884 3954 compsiciones
898 3887 1082 3955 dampnase».

319 3973 344 4025 4.
365 3970 441 4024 Bihl.
454 3979 525 4031 nat,
537 3988 590 4022 ms.
608 3969 656 4022 lat.
673 3970 743 4022 6222
761 3969 820 4031 ⁶‚ffi
837 3971 850 4020 1
866 3971 935 4022 v0-2.
945 4001 977 4012 -
991 3971 1034 4022 Ad
1048 3988 1096 4022 eas
1107 3968 1275 4022 scribendas
1290 3976 1406 4020 senten-

283 4056 338 4109 tias
352 4074 385 4107 ex
398 4053 629 4124 expeditionibus
645 4055 674 4106 in
693 4053 866 4123 Flandriam,
883 4073 898 4106 a
913 4056 1086 4108 Francorum
1102 4072 1170 4125 rege
1186 4071 1278 4125 nuper
1293 4053 1404 4114 missia,

285 4141 433 4193 materiam
445 4141 476 4193 P.
494 4140 529 4192 de
545 4140 639 4193 Bosco
656 4138 789 4193 hausisse
804 4140 927 4194 videtur.
