3044 5082
758 367 954 442 ..10-

297 515 490 588 montibus
519 531 556 590 et
595 516 833 592 districtibus
876 522 1082 610 universiS,
1120 546 1270 594 necnon
1313 518 1424 618 quod

297 640 436 714 milicia
458 643 564 740 regni
589 646 708 716 nostri
728 647 908 738 (Francie)
934 643 1098 718 delicate
1114 645 1273 718 multum
1290 648 1425 716 vivere

297 771 590 840 consueverit».
614 769 681 842 Cui
712 771 764 842 rei
786 769 1062 842 occurrendum
1080 769 1185 843 nullo
1206 771 1281 842 alio
1302 768 1422 841 modo

297 895 430 964 Petrus
447 891 495 965 de
512 895 633 966 Bosco
649 892 831 966 censebat
845 896 915 966 nisi
931 896 1014 993 ipsa
1025 893 1271 968 frumentaria
1287 896 1421 994 inopia

298 1019 393 1116 ipsis
408 1016 585 1090 hostibus
602 1017 846 1116 imponenda.

347 1143 550 1229 «PonenS,
574 1143 737 1241 exempli
764 1145 905 1242 gracia,
929 1143 1031 1243 quod
1063 1143 1138 1216 dux
1161 1145 1413 1242 Lotharingie

296 1291 430 1364 parere
458 1281 607 1340 recusat
639 1270 743 1365 regie
778 1270 979 1365 Majestati,
1011 1295 1126 1369 super
1163 1268 1336 1341 vocando
1365 1267 1418 1340 ad

297 1417 431 1490 pacem
449 1407 487 1464 et
516 1391 780 1465 obedienciam
802 1395 908 1492 regni
933 1423 939 1465 :
967 1392 1058 1466 liant
1084 1397 1353 1492 persuasiones
1379 1409 1420 1465 et

296 1517 600 1604 exhortacioncs,
633 1533 746 1616 prout
773 1517 927 1590 solitum
961 1533 1021 1590 cst
1060 1517 1156 1604 fieri,
1179 1533 1217 1591 et
1247 1518 1358 1603 ultra,
1385 1520 1419 1590 si

297 1643 420 1740 possit
442 1641 589 1714 cautela
615 1641 842 1740 diligencior
865 1643 1051 1727 adhiberi,
1067 1645 1173 1740 juxta
1201 1643 1417 1715 documen·
1505 1647 1506 1736 l

296 1782 377 1838 tum
398 1769 518 1840 boetii
535 1769 715 1865 supremii
733 1771 813 1861 (sic)
830 1767 1145 1866 philosophorum
1159 1768 1262 1840 urbis
1282 1773 1417 1857 Rome,

297 1889 387 1963 dum
408 1891 537 1964 mundi
553 1891 808 1964 monarchiam
823 1891 993 1980 tenebat,
1010 1895 1074 1991 qui
1096 1895 1148 1965 ait
1166 1896 1204 1965 in
1221 1893 1354 1966 libello
1370 1896 1420 1966 de
1505 1939 1506 1990 t

299 2016 504 2114 dt'sciplinu
518 2018 715 2089 scolarum
735 2045 742 2087 :
766 2047 782 2086 n
799 2020 926 2090 Miseri
944 2021 1087 2117 ingenii
1109 2033 1168 2090 est
1190 2021 1243 2091 uti
1265 2045 1423 2117 semper

300 2169 317 2210 «
331 2143 495 2213 inventis
510 2156 548 2214 et
564 2141 681 2214 nichil
693 2143 863 2214 invenire
881 2169 946 2214 a...
965 2145 1017 2214 Ex
1032 2141 1279 2216 habundante
1292 2146 1302 2188 ¹
1317 2143 1422 2216 vide·

297 2281 359 2339 tur
379 2265 585 2365 expediens
607 2266 784 2338 mandare
806 2267 1011 2364 majoribus
1032 2267 1240 2340 baronibus
1255 2267 1422 2341 ducatus
1505 2311 1506 2342 i

297 2391 413 2491 quod,
423 2417 540 2489 prose
550 2405 587 2464 et
597 2391 790 2464 nobilibus
805 2405 904 2464 terre
914 2407 952 2465 et
962 2391 1301 2466 communitatibus
1313 2393 1423 2464 villa-

296 2517 1419 2617 rum,veniant,seumittantsollempnesetcertosnunciOS‚

297 2641 345 2714 ad
364 2641 490 2714 locum
511 2667 624 2741 quem
649 2642 836 2741 placuerit
853 2641 1060 2726 destinare,
1081 2658 1121 2714 nt
1140 2642 1317 2715 similiter
1335 2669 1422 2740 per-

298 2918 365 2966 cos
389 2892 567 2964 omnibus
591 2891 798 2991 majoribus
818 2891 979 2964 ducatus
1005 2891 1217 2991 explicetur
1240 2891 1418 2990 :quodsi

299 3017 463 3091 rebelles
475 3018 627 3104 fuerint,
642 3021 744 3117 regia
756 3019 933 3115 Majestas
947 3031 1085 3089 terram
1100 3042 1230 3089 corum
1247 3016 1420 3115 depopu-

297 2770 495 2841 suasiones
511 2769 616 2866 pacis
637 2781 675 2840 et
694 2766 919 2840 obediencie
933 2766 1024 2839 fiant
1039 2766 1197 2856 eisdem,
1213 2782 1251 2839 et
1268 2782 1308 2840 ut
1325 2768 1421 2865 per²

1505 3119 1506 3158 l

301 3142 407 3230 labit,
424 3145 530 3242 ipsos
546 3158 584 3216 et
601 3169 731 3216 eorum
749 3143 849 3214 bona
870 3143 1106 3213 consumet³.
1129 3171 1145 3212 i)

349 3269 376 3338 E
396 3269 666 3366 suprascriptis
683 3267 841 3340 forsitan
857 3267 938 3338 haec
957 3269 1141 3364 cogitanti
1163 3283 1386 3340 succurrant
1408 3297 1415 3338 :

299 3394 468 3491 quinque
486 3392 603 3465 ferme
619 3392 770 3464 saeculis
794 3392 948 3489 elapsis,
967 3417 1053 3462 cum
1081 3390 1295 3464 Ludovious
1315 3395 1415 3466 XlV.

300 3520 338 3588 in
357 3543 516 3617 regnum
528 3519 783 3616 pervenisset,
806 3519 906 3590 Petri
921 3515 969 3588 de
996 3520 1132 3600 BoscO,
1157 3515 1334 3615 Philippo
1350 3519 1415 3589 lV.

299 3659 484 3742 regnante
512 3645 606 3739 regii
634 3641 830 3727 causidici,
858 3641 1018 3713 consilia
1037 3643 1271 3713 exercituum
1298 3640 1417 3714 duces

301 3783 453 3841 secutos
467 3793 552 3840 esse
567 3769 709 3866 quippe
724 3793 810 3838 cnm
827 3767 929 3864 ipsas
950 3767 1140 3862 regiones
1159 3765 1357 3864 dequibus
1378 3768 1416 3836 in

337 4001 361 4051 l.
384 4001 415 4050 In
427 4000 524 4051 codice
537 3999 643 4068 legitur
658 4021 671 4048 u
687 3997 843 4050 habundati
861 4019 884 4048 u.

336 4086 361 4136 2.
383 4085 415 4136 ln
430 4085 527 4136 codice
543 4083 672 4154 legitur«
688 4100 741 4152 pro
754 4103 778 4135 u.

336 4171 361 4221 3.
383 4168 460 4223 Bitt.
476 4177 548 4232 nat„
561 4187 614 4222 ms,
631 4167 680 4220 lat.
700 4167 769 4218 6222
785 4185 807 4231 c,
830 4167 849 4218 f.
867 4167 893 4216 4.
