3044 5082
538 405 731 474 ..24-

73 557 281 653 vinumque
300 553 500 628 effundunt
521 581 542 628 e
560 557 670 628 seriis
690 570 729 628 et
751 554 799 628 de
825 557 934 654 cupis
949 555 1191 654 depromunt,

75 696 113 754 et
129 695 338 753 vescuntur
352 705 466 752 carne
487 707 571 780 quae
592 683 631 752 in
651 707 773 780 pruna
783 695 962 754 torretur.
980 685 999 753 J
1003 707 1062 754 am
1081 707 1194 780 porro

72 849 121 860 --
138 803 279 904 quibus
293 803 388 876 nihil
411 804 517 878 nefas
538 804 735 878 videatur!
755 808 983 879 -rusticos
1012 805 1194 880 occidunt

74 947 112 1004 et
130 930 310 1003 mulieres
326 955 396 1030 per
409 932 484 1002 vim
497 945 688 1031 stuprarit.
703 930 871 1004 Stabulae
883 957 974 1006 vero
990 945 1028 1004 et
1039 929 1190 1018 domuS,

72 1071 237 1129 vetustae
263 1055 323 1128 vel
353 1081 477 1143 novae,
505 1071 705 1129 vastantur
737 1055 939 1142 incendiis,
960 1055 1051 1128 dum
1083 1058 1192 1155 pueri

73 1155 240 1254 infantes
257 1195 294 1253 et
309 1179 433 1254 viduae
452 1183 491 1253 in
505 1183 591 1267 viis,
608 1207 692 1279 quae
708 1206 840 1255 eorum
857 1179 1071 1279 ploratibus
1086 1179 1193 1254 flehi-

73 1304 163 1378 liter
179 1305 423 1392 resonabant,
449 1321 649 1406 vagantur.
671 1333 688 1375 u

123 1431 174 1502 lis
189 1457 274 1528 quae
289 1445 399 1528 gesta
419 1433 565 1503 suntin
586 1429 702 1516 hellO,
726 1430 828 1529 quod
851 1428 1050 1528 Philippus
1074 1433 1136 1502 lV.
1155 1431 1193 1500 in

72 1553 343 1641 FlandrenseS,
388 1580 487 1627 anno
535 1557 761 1629 M.CCC.lV.
807 1553 949 1641 intulit,
992 1557 1191 1639 enarratis

72 1679 299 1754 Guillelmus
322 1681 479 1753 Guiart¹
503 1705 579 1752 non
608 1678 722 1752 modo
749 1678 1032 1779 praedabundos
1053 1683 1194 1752 exerci-

70 1822 150 1894 tuS,
167 1804 363 1878 sedetiam
380 1804 625 1904 pabulatores
644 1819 682 1878 et
702 1804 877 1878 militaris
903 1831 1063 1877 annonae
1083 1831 1194 1878 cura·

70 1948 179 2004 tores
207 1929 424 2029 descripsit,
447 1954 534 2002 cum
562 1955 631 2028 per
657 1933 746 2016 vim,
774 1955 842 2028 per
874 1956 1061 2002 summam
1094 1931 1194 2027 inju-

72 2059 183 2141 riam,
202 2081 310 2154 aeque
330 2080 373 2127 ac
395 2057 541 2141 armati,
566 2053 612 2126 ab
643 2054 856 2127 aratoribus
876 2056 1003 2127 omnia
1026 2080 1093 2126 sua
1114 2056 1193 2127 exi-

71 2197 210 2281 gerent
231 2196 371 2254 utrem
402 2179 686 2252 frumentariam
710 2179 1020 2254 administrarent
1041 2209 1047 2252 :
1067 2209 1083 2250 r
1100 2183 1193 2254 Cum

73 2307 228 2405 agmina
249 2304 539 2378 Flandrensium
555 2303 650 2376 lines
667 2306 839 2403 ingressa
856 2303 996 2377 fuerint
1010 2330 1132 2404 usque
1147 2303 1194 2376 ad

42 2441 46 2448 '
73 2430 171 2504 duas
192 2429 334 2516 leucas,
355 2429 525 2504 solidarii
546 2428 702 2502 arbores
719 2431 796 2528 jam
816 2428 1076 2516 denudabant,
1099 2454 1195 2528 quo-

73 2583 160 2628 rum
185 2559 299 2628 ramis
325 2581 422 2628 casae
453 2568 491 2627 et
516 2569 694 2654 receptus
726 2557 931 2653 unicuique
964 2553 1196 2627 aedificaren-

72 2699 151 2766 tur,
172 2681 262 2752 dum
282 2680 420 2753 divites
437 2679 591 2765 militeS,
608 2683 672 2778 qui
689 2682 727 2750 in
741 2681 877 2752 castris
891 2680 1192 2766 commorabant,

72 2809 241 2880 tentoria
272 2804 344 2878 sihi
374 2804 561 2904 jubebant
587 2806 735 2876 instrui.
760 2807 787 2876 Ε
812 2807 970 2904 campiS,
994 2831 1115 2904 usque
1148 2804 1195 2877 ad

73 2957 190 3005 unam
219 2930 366 3002 leucam
400 2932 697 3028 circumquaque
735 2955 895 3002 annonae
929 2946 1125 3003 curatores
1158 2946 1196 3003 et

72 3055 339 3157 speculatores
357 3054 678 3154 pabulatoresque
698 3057 826 3153 vagari
844 3054 974 3127 videre
993 3071 1086 3141 erat,
1108 3082 1193 3127 cum

72 3180 224 3254 facibus
249 3181 436 3266 accensio,
455 3205 524 3278 per
543 3193 663 3252 totam
682 3181 877 3279 regionem
900 3195 1060 3252 cruento
1081 3179 1194 3252 modo

73 3304 359 3405 depopulatam.
397 3303 574 3378 Solidarii
608 3319 646 3377 et
678 3304 817 3377 ribaldi
861 3306 967 3378 vicos
1005 3331 1194 3405 agrosque

73 3430 338 3532 pererrahant‚
356 3429 500 3502 alacres
522 3429 713 3528 iidemque
734 3429 824 3516 laeti,
848 3433 912 3530 qui
929 3429 1033 3503 nulla
1053 3430 1197 3530 cupidi-

72 3572 170 3642 tate,
188 3557 260 3627 nisi
277 3570 352 3628 ute
372 3553 475 3628 bello
510 3581 624 3655 quam
646 3557 846 3627 maximam
871 3555 1039 3653 praedam
1056 3581 1197 3628 conve-

72 3683 213 3754 herent
244 3679 470 3779 flagrabant.
500 3679 660 3780 Aliquos
698 3679 811 3752 nudis
844 3679 1000 3754 ensibus
1031 3697 1197 3754 armatos

73 3807 361 3904 conspexisses
393 3820 542 3878 ceteros
573 3805 721 3880 malleis
748 3805 995 3878 securibusve
1014 3835 1021 3892 ;
1043 3808 1081 3877 in
1102 3805 1197 3878 locis

75 3932 124 4004 ab
146 3933 202 4004 eis
223 3929 429 4028 exploratis
448 3956 496 4003 ne
516 3957 629 4003 unam
648 3929 801 4030 quidem
825 3956 978 4002 vaccam
995 3933 1071 4029 jam
1092 3957 1197 4030 repe·

112 4210 139 4262 l.
161 4206 250 4261 Guill.
267 4207 378 4270 Guiart,
393 4227 437 4282 ap.
455 4211 488 4261 D.
506 4210 644 4284 Bouquct,
661 4217 681 4266 t.
697 4209 786 4270 XXII,
802 4227 830 4282 p.
848 4208 908 4268 218,
924 4226 948 4260 v.
964 4209 1007 4268 12,
1022 4208 1152 4261 902-914.
