3044 5082
620 433 669 448 ..
694 393 741 464 29
765 433 815 448 ..

151 543 301 642 ssigare,
325 569 423 642 pene
444 544 571 615 omnia
586 543 741 616 hostilia
762 545 798 614 in
820 569 904 615 eam
925 559 1161 618 exercentes.
1183 548 1275 617 Nam

152 683 338 768 quantum
371 667 418 741 ad
446 665 597 768 praedas
627 671 764 742 attinet
795 694 838 740 ac
866 670 1033 767 rapinae,
1071 695 1147 742 non
1167 669 1278 742 aliter

152 819 268 890 quam
297 795 333 864 iu
358 810 460 866 terra
478 791 623 876 hostili,
646 808 784 867 cuncta
813 820 897 893 quae
919 818 1112 866 murorum
1133 794 1276 868 ambitu

153 943 232 990 non
248 933 336 990 sunt
362 933 499 1016 caepta,
518 915 702 1017 diripiunt
719 920 880 991 maxime
896 932 1022 992 autem
1043 933 1184 992 terram
1206 922 1276 993 Dei

153 1057 195 1115 et
221 1041 761 1143 pauperculos,Ecclesiaeque
782 1041 970 1142 agricolas
983 1043 1134 1143 (quibus
1152 1047 1277 1144 potis·

153 1169 293 1240 simum
308 1166 463 1240 tuendis
479 1167 678 1267 invigilare
694 1165 916 1262 debuerant)
930 1184 1273 1267 persequuntur...

152 1295 346 1389 Luporum
365 1317 458 1366 sane
478 1290 531 1364 illi
549 1318 693 1367 morem
710 1309 883 1366 servant:
904 1295 1118 1366 sicutenim
1137 1293 1229 1394 lupi,
1244 1296 1275 1367 si

153 1415 253 1489 forte
290 1417 419 1490 caulas
456 1419 685 1503 introierint,
718 1419 846 1490 omnia
878 1419 965 1511 (nisi
1007 1417 1278 1517 impediantur)

153 1541 410 1642 strangulant,
432 1544 484 1615 ita
504 1542 542 1614 hi
561 1567 638 1615 non
659 1541 783 1615 solum
806 1557 974 1615 mactant
996 1541 1099 1641 quod
1120 1569 1198 1616 suae
1228 1546 1278 1618 sit

152 1668 353 1740 voracitati
366 1665 583 1754 suffectum,
598 1665 666 1739 sed
680 1666 783 1766 quod
792 1667 941 1740 cohorti
953 1669 1076 1767 possit
1087 1667 1275 1758 sulficere,

153 1805 319 1891 quatuor
333 1790 509 1864 vilissimi
530 1808 692 1864 enecant
712 1791 892 1879 furciferi,
913 1817 990 1864 non
1017 1791 1177 1892 pullum,
1201 1820 1278 1867 non

152 1915 350 2014 gallinam,
367 1943 445 1990 non
457 1915 601 2016 gallum
621 1915 889 2015 gallinaceum,
909 1943 1019 2016 quem
1037 1917 1160 1991 oculis
1176 1944 1277 1992 asse·

153 2043 221 2140 qui
242 2058 416 2141 possunt,
439 2043 478 2112 in
507 2056 587 2115 tota
610 2043 670 2112 cui
692 2041 904 2114 insederint
924 2041 1145 2141 relinquunt
1171 2043 1272 2116 villa.

154 2167 346 2259 Quantam
364 2192 455 2239 vero
476 2181 643 2266 stragem
669 2165 821 2253 faciant,
840 2165 1051 2256 haedorum,
1069 2167 1275 2242 vitulorum

155 2306 273 2390 atque
291 2290 542 2391 agnellorum,
562 2291 798 2391 aliorumque
818 2305 1038 2366 tenerorum
1057 2318 1100 2365 ac
1122 2295 1275 2394 sagina·
1315 2291 1318 2296 ’

152 2431 281 2489 torum
315 2443 497 2516 pecorum
539 2416 724 2489 horribile
768 2430 827 2490 est
864 2417 1202 2492 intuerizlanistas
1233 2445 1274 2493 ac

154 2541 396 2616 macellarios
416 2544 514 2614 istuc
536 2538 737 2614 advenisse
758 2540 949 2630 credereS,
969 2556 1076 2615 tanta
1096 2542 1173 2616 illie
1193 2570 1275 2617 car-

153 2664 309 2740 nificina
328 2669 625 2766 conspicitur....
649 2668 742 2739 Cum
766 2691 857 2738 vero
875 2681 1027 2767 tempus
1047 2669 1273 2766 emigrandi,

155 2791 508 2890 movendorumque
528 2806 739 2863 castrorum
755 2792 949 2876 institerit,
972 2805 1052 2864 tum
1074 2818 1164 2866 vero
1182 2793 1276 2866 nihil

154 2918 196 2988 in
216 2915 421 2989 domiciliis
441 2917 596 2988 omnino
618 2915 867 3014 relinquetur,
886 2913 989 3015 quod
1008 2942 1084 2988 non
1114 2921 1276 3016 pecunia

155 3039 292 3114 redimi
313 3066 473 3115 necesse
489 3043 550 3128 sit,
574 3065 650 3112 non
676 3042 820 3127 vinum,
840 3066 972 3130 avena,
989 3044 1174 3133 triticum,
1200 3070 1275 3118 non

155 3169 246 3266 equi
271 3183 335 3239 aut
355 3165 432 3238 ulla
456 3181 639 3251 armenta,
667 3191 744 3238 non
764 3191 853 3238 vasa
881 3167 1025 3238 escaria
1050 3183 1115 3241 aut
1141 3172 1276 3269 coqui-

155 3293 277 3378 naria,
293 3317 378 3390 quae
393 3291 424 3364 si
438 3316 515 3383 non
529 3315 660 3363 eorum
672 3306 762 3363 voto
779 3289 1027 3378 redimantur,
1041 3295 1169 3366 omnia
1184 3293 1277 3367 dila-

156 3415 404 3516 pidabuntur,
434 3415 623 3488 frumenta
646 3413 929 3514 dispergentur,
959 3414 1062 3488 dolia
1091 3443 1276 3518 conquas-

157 3539 386 3638 sabuntlur]‚
410 3565 548 3638 pecora
570 3539 786 3639 affigentur,
810 3539 976 3639 alibique
1000 3542 1277 3616 venundabun-

155 3681 232 3754 tur,
251 3668 370 3739 autin
391 3667 543 3739 Domini
564 3679 776 3763 conspectu
799 3664 1274 3764 jugulabuntur31ebeteS,

159 3791 261 3878 ollae,
280 3790 445 3890 patellae,
468 3789 615 3879 cacabi,
638 3803 771 3862 contra
800 3815 889 3862 saxa
909 3807 948 3863 et
980 3793 1146 3891 parietes
1173 3793 1278 3867 colli-

159 3915 309 3990 dentur.
341 3913 517 3990 Vidimus
546 3929 584 3988 et
617 3939 721 4013 saepe
753 3912 917 3986 vidimus
951 3917 1060 4014 quasi
1085 3917 1123 3988 in
1155 3923 1277 4017 patria

158 4045 259 4115 victa
280 4039 498 4141 praedaeque
515 4053 603 4138 post
623 4041 822 4112 victoriam
843 4042 1033 4139 exposita,
1060 4041 1277 4144 plaerosque

160 4165 206 4240 ad
233 4165 401 4266 praedam
431 4167 577 4254 venire,
608 4190 695 4237 oum
724 4164 912 4252 curribuS,
937 4167 1003 4264 qui
1030 4192 1151 4266 usque
1181 4168 1277 4245 adeo
