3044 5082
560 371 756 443 ..15-

98 521 238 620 quibus
264 521 441 594 victualia
469 521 707 594 vehebantur
737 521 853 594 ethii
884 524 948 620 qui
983 524 1219 596 merchatum

97 647 293 731 frumenti,
313 649 404 736 vini,
427 650 553 719 carnis
578 663 616 720 et
644 646 749 719 ordei
777 645 824 718 ad
858 650 1089 720 excercitum
1117 650 1219 746 regis

98 772 336 859 deferebant,
367 797 503 846 secure
530 797 598 870 per
627 770 1012 846 Pontem-Wendini1
1044 787 1220 872 poterant

97 899 261 970 transire
275 924 320 970 eo
342 895 444 995 quod
459 896 661 996 Flamingi,
681 899 745 995 qui
765 899 864 969 sicut
880 897 972 969 alias
993 900 1031 968 in
1047 896 1219 996 partibus

97 1021 175 1094 illis
192 1020 407 1121 predictum
423 1037 580 1121 pontem
601 1020 858 1094 observabant
869 1024 907 1092 in
928 1037 1123 1095 momento
1144 1048 1220 1121 quo

99 1147 148 1220 de
176 1147 279 1220 bello
295 1147 367 1218 hoo
396 1172 586 1219 rumorem
608 1145 809 1218 audierunt
831 1147 922 1245 pelli
949 1173 1016 1219 sue
1038 1149 1219 1220 timentes

100 1286 357 1357 recesserunt,
382 1273 542 1344 maxima
563 1270 719 1343 ubertas
744 1286 834 1343 tune
856 1287 937 1344 erat
957 1274 996 1343 in
1018 1271 1082 1343 illa
1105 1297 1221 1371 expe·

102 1396 323 1469 ditione‘2.»

151 1525 283 1620 Neque
296 1547 439 1594 vero—
453 1547 522 1593 nos
536 1519 655 1619 pudet
671 1519 799 1592 dicere
810 1565 856 1574 —
869 1524 1071 1608 exercitus,
1092 1520 1222 1620 pabuli

101 1662 139 1719 et
169 1661 449 1719 commeatuum
475 1649 588 1744 eopia
611 1660 788 1718 accurate
817 1648 982 1743 provisa,
1005 1650 1221 1719 necessario

100 1772 234 1844 hostes
255 1773 336 1844 acie
356 1770 604 1869 superabant,
632 1795 737 1858 cum,
761 1796 782 1842 e
802 1774 1006 1856 contrario
1033 1797 1222 1844 nonnum-

101 1923 217 1994 quam
245 1896 331 1967 illos
365 1893 515 1967 videres
548 1895 725 1969 hostibus
752 1911 860 1992 terga
889 1911 1096 1981 vertentes
1133 1895 1222 1968 dum

101 2019 350 2093 abundabant
387 2019 616 2092 victualibus
650 2022 764 2092 variis
798 2019 1011 2119 iisdemque
1038 2024 1220 2119 copiosiS,

101 2173 188 2244 quae
236 2160 325 2244 post
368 2171 422 2231 se,
461 2147 570 2244 quasi
617 2145 789 2241 fugaces
822 2145 1102 2243 relinquebant.
1144 2148 1220 2234 Sic,

101 2271 266 2368 exempli
289 2296 415 2356 causa,
444 2297 543 2343 anno
573 2273 802 2358 M.CCC.II.,
835 2295 966 2342 mense
998 2271 1220 2369 septembri.

1 2427 2 2430 ¹
101 2411 193 2494 post
206 2394 333 2468 nobile
345 2394 437 2466 illud
451 2410 489 2468 et
503 2395 721 2467 luctuosum
738 2393 784 2466 ad
797 2397 1019 2469 Curtracum
1032 2395 1220 2493 proelium,

102 2520 303 2619 Philippus
324 2523 386 2592 IV.
408 2545 635 2592 numerosos
654 2535 821 2592 armatos
838 2519 945 2592 duxit
958 2523 994 2590 in
1016 2518 1224 2593 Flandren-

103 2648 204 2718 sium
224 2645 375 2732 limina3
402 2660 441 2717 et
470 2671 555 2716 cum
578 2647 624 2716 iis
650 2671 756 2734 vero,
780 2671 855 2743 quo
879 2660 992 2743 pacto
1015 2647 1221 2734 nescimus,

102 2796 239 2842 manns
259 2795 462 2842 conserere
479 2785 625 2842 nonest
639 2796 771 2856 ausus;
788 2796 832 2842 ex
843 2795 918 2868 quo
935 2769 1149 2842 factumest
1166 2783 1221 2858 ut,

102 2896 204 2968 festo
231 2897 352 2967 sancti
375 2895 586 2981 Michaelis,
622 2897 804 2966 vicesima
826 2920 925 2966 nona
950 2894 1028 2977 die,
1060 2894 1221 2982 seilicet,

103 3023 249 3092 mensis
283 3018 527 3118 septembris,
558 3018 744 3090 militibus
769 3034 807 3090 et
843 3019 1101 3117 stipendiariis
1129 3045 1170 3092 se
1204 3046 1224 3092 e

102 3146 500 3218 castrisinFraneiam
517 3143 727 3242 recipiendi
742 3146 852 3242 signo
865 3144 1223 3244 dat0,permaximis

101 3269 390 3371 garnisionibus
417 3314 466 3324 -
498 3284 539 3342 ut
565 3269 666 3340 illius
689 3265 813 3341 aetatis
841 3269 958 3360 verbo
990 3284 1141 3350 utamur
1176 3314 1224 3324 —

102 3397 245 3497 quibus
257 3399 447 3470 exercitus
461 3399 671 3468 instructus
684 3395 819 3486 fuerat,
829 3398 961 3467 Franci
980 3399 1116 3494 privati
1132 3399 1221 3480 sint,

103 3549 193 3595 eum
211 3548 275 3594 eas
295 3537 383 3620 post
403 3547 444 3594 se
460 3521 697 3620 reliquerint,
718 3545 868 3592 necnon
889 3523 976 3592 vino
998 3536 1223 3593 onustorum

103 3647 289 3720 cadorum
310 3645 424 3718 funda
445 3645 596 3742 ellringi
609 3671 673 3718 rex
685 3646 843 3742 jusserit
855 3647 958 3718 neiis
971 3645 1224 3718 Flandrenses

104 3775 359 3872 potirentur3.

144 4004 170 4056 1.
194 4001 302 4055 Gallice
318 3998 562 4065 Pont-a-Vendin,
580 3999 645 4068 dep.
660 3997 888 4059 Pas-de-Calais,
907 4009 979 4052 cant.
996 4000 1079 4050 Lens.

142 4089 166 4140 2.
192 4084 435 4160 Chronographio,
453 4085 498 4136 ed.
513 4083 548 4134 Η.
567 4084 760 4143 Monanvnta',
777 4083 799 4143 I,
815 4083 876 4134 163.

142 4174 166 4224 3.
188 4171 332 4225 Attrehat.
349 4169 456 4231 chron„
474 4187 520 4238 ap.
531 4171 572 4220 De
584 4169 669 4228 Smet,
687 4167 737 4229 tv,
754 4167 815 4218 477.
