3044 5082
761 307 950 381 ..lg-.-

271 463 392 539 driam
422 463 592 537 bellandi
624 489 736 536 causa
770 462 923 535 adducti
958 463 1131 568 impense
1159 462 1390 558 semetipsos

273 593 387 662 armis
420 591 739 688 vestimentisque
764 591 1048 674 instruxissent,
1079 604 1117 661 et
1145 587 1251 660 brevi
1285 603 1386 686 post,

271 741 366 816 pace
377 718 603 815 composita,
618 717 752 814 inopes
769 717 1012 802 mansissent,
1031 740 1117 787 cum
1132 717 1170 786 in
1187 717 1389 788 militarem

272 855 458 914 armatum
479 840 677 941 parvulum
696 839 976 940 impendissent
996 842 1265 939 patrimonium
1281 842 1306 912 ¹.

323 966 486 1061 Quasob
507 991 656 1050 causas,
675 966 836 1050 scilicet,
858 969 1087 1038 Francorum
1105 991 1214 1066 reges
1230 991 1390 1038 numero

271 1091 444 1164 valentes
462 1094 651 1164 exercitus
668 1117 736 1189 per
751 1089 880 1163 Galliae
896 1091 1010 1164 urbes
1030 1105 1068 1163 et
1081 1117 1237 1190 campos
1249 1090 1391 1163 ducere

272 1215 511 1290 dubitabant.
538 1217 632 1290 Cum
653 1215 794 1288 bellum
811 1215 987 1288 hostibus
1008 1215 1207 1305 indiceret,
1230 1242 1296 1289 rex
1312 1242 1391 1288 suae

272 1341 429 1414 ditionis
449 1341 670 1414 hominibus
690 1341 790 1413 diem
821 1339 1016 1413 indicebat
1035 1357 1109 1439 qua
1128 1344 1274 1434 armati,
1303 1368 1391 1414 cum

273 1470 382 1566 equis
408 1469 726 1566 vestimentisque
752 1480 790 1538 et
815 1469 943 1552 armis,
966 1469 1004 1538 in
1028 1465 1228 1565 quamdam
1251 1465 1392 1540 litteris

272 1594 388 1692 regiis
408 1589 543 1664 sedulo
563 1591 801 1691 designatam
818 1593 1011 1664 civitatem
1030 1607 1246 1691 pergerent,
1265 1606 1392 1690 etqua

271 1733 481 1790 turmarum
497 1719 770 1815 copiarumque
789 1715 1037 1814 conglobatio
1057 1714 1177 1803 fieret,
1198 1743 1282 1815 quae
1301 1743 1393 1790 vero

273 1846 409 1916 civitas
429 1845 561 1942 utique
583 1845 621 1915 in
649 1845 830 1916 extremis
858 1842 988 1916 Galliae
1018 1841 1158 1914 sinibus
1192 1844 1265 1914 sita
1294 1857 1390 1914 erat.

273 1972 389 2042 lstam
419 1969 519 2040 enim
546 1967 681 2067 agendi
712 1971 896 2040 rationem
926 1971 1100 2065 sequenti
1131 1970 1210 2066 regi
1243 1994 1393 2065 magnae

275 2093 436 2165 militum
446 2092 825 2190 etstipendiariorum
838 2095 1007 2192 copiaein
1022 2095 1259 2192 suometipso
1271 2118 1394 2190 regno

274 2243 399 2316 neque
415 2217 690 2304 sustentandae,
707 2243 832 2316 neque
853 2216 1051 2289 movendae
1071 2233 1191 2291 erant.

323 2341 1390 2441 Quinetiam,illispraedictisaddendum,Philippule.

275 2467 393 2539 semel
406 2468 443 2537 in
459 2469 652 2540 civitatem
667 2467 869 2567 quamdam
885 2494 969 2566 quae
987 2470 1025 2538 in
1044 2466 1169 2540 medio
1186 2493 1305 2566 regno
1320 2469 1394 2540 sita

275 2607 356 2664 erat
376 2594 648 2664 convocavisse
676 2595 806 2690 copias
832 2619 916 2690 quae
938 2595 975 2662 in
997 2591 1249 2664 ulandrenses
1270 2592 1394 2664 bella-

273 2733 367 2790 turae
384 2733 526 2805 essent,
546 2743 632 2788 oum
645 2716 800 2790 fratrem
815 2743 923 2789 suum
941 2715 1173 2789 Ludovicum
1189 2716 1395 2789 Ebroicen-

275 2869 369 2930 sem,
383 2841 674 2941 patruelumque
686 2840 851 2914 Robertu
859 2869 906 2930 m,
916 2845 1095 2914 comitem
1106 2841 1394 2916 Claromonten-

310 3139 334 3189 1.
357 3137 430 3200 Quis
457 3137 577 3190 miretur
600 3147 718 3190 exeunte
740 3156 795 3191 x1v.
818 3137 923 3190 saeculo
948 3135 983 3190 ab
1007 3138 1123 3189 armatis
1144 3137 1344 3208 populationes
1364 3150 1395 3192 et

274 3217 393 3286 injurias
409 3217 498 3269 multo
514 3218 632 3268 effusius
653 3219 741 3270 saetas
762 3217 862 3278 fuisse,
878 3219 948 3270 adeo
964 3226 995 3269 ut
1019 3217 1101 3288 quasi
1124 3218 1195 3271 nihil
1210 3217 1286 3271 bello
1302 3219 1394 3272 intac-

274 3308 333 3351 tum
347 3297 528 3367 reliquerint;
547 3299 593 3364 ci,
617 3298 690 3349 inter
709 3297 763 3349 alia
786 3299 902 3367 scripta,
916 3297 1125 3369 Breviloquium
1145 3298 1260 3350 Thomac
1280 3299 1367 3351 Basin
1386 3321 1392 3352 ;

275 3398 287 3428 «
304 3377 456 3429 Nonnullis
470 3378 579 3429 effluxis
595 3377 752 3440 mensibus,
765 3378 857 3448 inquit
868 3379 902 3428 ad
920 3397 1021 3430 annum
1036 3379 1074 3430 M.
1092 3378 1280 3446 ccccxli,
1296 3379 1394 3431 incur—

275 3457 405 3510 santibus
419 3467 506 3510 totam
522 3457 606 3510 istam
619 3458 739 3527 patriam
753 3458 932 3510 Caletensem
946 3477 978 3510 ex
988 3449 1244 3528 unaAnglorumet
1257 3477 1290 3511 ex
1303 3459 1394 3512 altera

274 3537 406 3608 partibus
422 3539 595 3589 Francorum
612 3539 761 3597 militibus,
779 3547 863 3609 atque
879 3539 973 3589 omnia
990 3539 1205 3608 diripientibus,
1219 3549 1296 3592 terra
1309 3540 1394 3592 habi-

275 3621 418 3676 tatoribus
443 3632 557 3674 vacuata
576 3623 689 3690 fuisset,
708 3623 891 3694 jacerentque
910 3623 1068 3694 squalentia
1082 3625 1213 3676 deductis
1234 3643 1300 3677 arva
1313 3625 1393 3678 colo-

274 3703 328 3764 nie,
340 3720 354 3753 e
367 3701 472 3772 quibus
485 3720 552 3772 pars
564 3721 618 3755 non
632 3703 752 3766 modica,
763 3702 800 3755 ob
812 3703 867 3755 loci
876 3703 1069 3765 munitionem,
1083 3705 1117 3754 ad
1131 3705 1230 3757 urbem
1240 3705 1394 3762 Rothoma-

275 3799 342 3852 gum
358 3792 479 3852 propter
496 3792 601 3835 metum
617 3781 773 3852 Anglorum
795 3785 970 3852 confugerat,
989 3795 1072 3854 atque
1088 3784 1197 3836 obortae
1216 3785 1282 3836 inde
1303 3786 1392 3837 fames

276 3871 304 3913 et
318 3862 410 3932 pestis
430 3861 488 3913 illic
507 3861 662 3914 saevissime
680 3872 892 3932 grassarentur,
915 3863 1065 3916 noluerunt
1078 3863 1149 3916 inibi
1165 3874 1297 3934 parentes
1313 3866 1392 3934 peri-

275 3941 336 3993 cula
358 3942 498 3994 saevientis
522 3943 613 4012 pestis
639 3954 814 4013 exspectare,
832 3945 883 3996 sed
896 3943 961 3995 inde
984 3945 1144 3996 Vernonem
1169 3946 1319 4016 oppidum,
1344 3947 1393 4018 qui

276 4021 355 4074 locus
376 4022 505 4075 securior
524 4021 683 4082 videbatur,
708 4025 800 4076 denuo
820 4024 1026 4093 demigrarunt,
1051 4042 1103 4076 nos
1124 4043 1239 4095 semper
1265 4044 1328 4078 cum
1350 4027 1392 4078 eis

276 4103 459 4156 deducentes.
476 4122 487 4153 n
505 4101 723 4176 Breviloquium,
734 4104 815 4157 ed.J.
834 4107 1009 4170 Qurcuasxr,
1025 4103 1073 4158 Th.
1088 4105 1189 4168 Bosin,
1204 4115 1223 4158 t.
1240 4105 1288 4169 IV,
1305 4094 1335 4176 p'.
1348 4107 1391 4160 m.
