2984 5152
540 395 737 468 -81-
832 413 838 425 ·

68 555 273 618 curatores
311 545 397 618 illos
438 571 599 618 annouae
643 545 819 619 militaris
846 549 1059 646 praesertim
1100 549 1199 622 inter

65 667 234 742 clericos
277 669 396 744 fuisse
420 669 607 759 delectos,
650 697 721 745 nec
760 697 853 744 sane
885 673 1076 744 immerito
1111 698 1198 744 cum

64 797 269 894 praecipue
307 797 346 866 in
370 795 720 869 ecelesiasticorum
750 795 898 868 lundis.
928 799 1197 896 episcoporum

64 918 232 1008 seilicet,
260 923 612 1021 canonicorumque
637 921 697 995 vel
714 921 909 1009 abbatum,
935 921 1065 1020 pabuli
1086 925 1197 1022 copia

63 1059 100 1116 et
123 1072 341 1121 numerosa
370 1074 511 1148 pecora
539 1047 772 1122 exercitibus
803 1046 951 1122 alendis
978 1049 1197 1120 necessaria

64 1172 302 1268 reperienda
321 1187 453 1248 essent
470 1175 493 1246 ¹.

108 1299 208 1392 Quae
240 1324 331 1371 cum
363 1301 415 1372 ita
442 1278 574 1372 essent
603 1300 775 1398 episcopi
805 1313 844 1371 et
878 1297 1052 1383 abbates,
1081 1300 1195 1370 variis

59 1423 324 1521 temporibus,
341 1426 552 1498 timuerunt
574 1449 622 1496 ne
645 1423 826 1522 paulatim
846 1449 892 1496 eo
916 1421 1029 1494 modo
1050 1448 1094 1495 ex
1115 1425 1194 1496 suis

61 1546 240 1642 ipsorum
257 1550 371 1622 terris
392 1548 622 1622 exercitibus
636 1546 841 1647 praebenda
860 1547 1037 1619 victualia
1052 1545 1193 1620 ducere

61 1671 254 1768 paulatim
273 1676 389 1748 moris
408 1673 516 1748 fieret
532 1699 608 1772 quo
624 1673 809 1772 deinceps
829 1671 1022 1758 frumenti,
1040 1673 1194 1770 vinique

63 1810 100 1866 et
116 1797 257 1894 pabuli
274 1802 425 1900 copiam
446 1775 768 1884 armariclacere
789 1814 907 1880 arcte,
928 1812 1102 1894 tempore
1120 1795 1194 1869 ela-

62 1918 195 2012 bente,
221 1924 271 2000 ad
292 1949 481 2024 summum
503 1925 875 2022 constringerentur,
893 1947 935 1993 ac
953 1946 1000 1993 ne
1022 1946 1066 1992 ea
1086 1946 1192 1992 com-

66 2035 266 2122 meatuum
286 2065 324 2122 et
339 2065 582 2122 vecturarum
598 2049 745 2148 paratio
762 2047 834 2119 sibi
857 2049 894 2118 in
912 2047 1132 2118 servitutem
1145 2089 1194 2100 -

66 2185 105 2243 ut
123 2172 232 2248 illius
248 2151 435 2274 temporis
452 2173 571 2246 verbo
587 2187 739 2245 utamur
757 2216 806 2226 -
825 2185 1050 2244 verteretur.
1070 2173 1191 2266 Quem

67 2315 211 2380 metum
248 2329 446 2380 removere
469 2305 642 2402 cupiens,
669 2301 867 2400 Philippus
897 2304 976 2388 lV.,
1011 2301 1192 2373 vicesima

67 2431 233 2526 septima
249 2429 312 2504 die
334 2430 476 2501 mensis
490 2427 675 2515 octobris
692 2452 792 2498 anno
809 2429 842 2498 M
850 2428 1035 2511 .CCC.ll.,
1054 2425 1193 2498 scribe-

68 2548 163 2625 bat«
188 2581 268 2630 non
287 2580 367 2627 esse
391 2554 615 2626 intentionis
632 2577 711 2624 suae
732 2550 835 2650 quod
860 2553 987 2650 captio
1008 2575 1191 2648 equorum

69 2689 105 2748 et
122 2683 376 2784 carrigarum,
390 2705 503 2777 quam
522 2679 641 2774 major
660 2676 809 2749 Belvaci
822 2675 958 2747 invilla
971 2673 1191 2746 Belvacensi

68 2797 204 2877 secisse
238 2803 441 2878 dicebatur
474 2829 543 2903 pro
578 2800 806 2874 adducendo
837 2801 1055 2872 harnesium
1091 2797 1192 2870 dicte

69 2924 153 3000 ville
165 2929 214 3002 ad
229 2933 480 3004 novissimum
491 2927 762 3002 Flandrensem
772 2927 994 3010 exercitum,
1008 2926 1191 3022 episcopo

71 3049 291 3130 belvacensi
313 3058 352 3126 iu
372 3055 457 3152 jure
477 3079 547 3126 suo
573 3049 728 3150 aliquod
754 3048 1006 3149 prejudicium
1033 3063 1192 3147 generet

70 3173 301 3266 infuturum,
318 3196 383 3252 aut
396 3177 551 3277 aliquod
561 3179 623 3274 jus
637 3176 829 3248 tribuatur
844 3177 1074 3246 Francorum
1092 3175 1187 3269 regi,

73 3302 214 3398 majori,
234 3331 302 3380 seu
323 3305 540 3378 communie
557 3301 659 3374 dicte
679 3301 769 3372 ville
788 3301 801 3345 2
825 3328 857 3369 u.

104 3478 128 3530 l.
151 3502 163 3532 v
179 3484 356 3554 Iugerrnuus
372 3483 407 3533 de
422 3479 653 3534 Parvo-cellario
667 3477 779 3548 (gallice
790 3478 828 3528 dn
842 3476 1048 3542 Petit-Celier).
1060 3474 1193 3544 provisor

73 3567 209 3630 quondam
226 3567 422 3638 garnisionum
439 3583 491 3636 pro
504 3583 608 3635 guerra
618 3563 715 3633 Regis,
731 3580 784 3632 pro
797 3561 923 3613 denariis
940 3560 1041 3612 solutis
1053 3559 1191 3628 magistro

71 3643 186 3706 lohauni
200 3653 409 3706 L’Esmoulcur
428 3651 463 3702 de
479 3651 582 3702 Sancto
596 3649 749 3712 Quintino,
772 3647 800 3698 in
821 3645 1051 3706 viromandensi,
1074 3644 1190 3705 cleric0,

74 3745 121 3795 Pro
137 3739 224 3808 ¹xrrrrj.
240 3738 345 3790 modiis
362 3755 424 3788 cum
440 3735 559 3786 dimidio
573 3753 604 3785 ac
618 3733 713 3786 tribus
727 3731 860 3784 sextariis
876 3731 964 3796 bladi,
981 3731 1014 3781 ad
1030 3747 1190 3781 mensuram

74 3813 136 3870 dicti
148 3819 215 3886 loci,
226 3822 318 3892 captis
327 3839 381 3891 pro
392 3819 606 3890 garnisioulbus
616 3817 755 3888 predictis
768 3835 821 3886 per
834 3817 878 3868 lo.
892 3814 998 3885 chiny,
1011 3813 1079 3866 dicti
1096 3814 1191 3883 Iuger-

75 3902 130 3954 rani
144 3907 311 3979 deputatum
334 3926 358 3958 r.
385 3905 544 3974 Compotus
564 3905 598 3955 ad
624 3921 724 3954 annum
746 3900 989 3954 M.CCC.XL.IX.
1007 3917 1189 3969 mensemque

76 3985 185 4060 Maium,
199 3998 245 4049 ed.
262 3997 364 4058 Vruun,
385 4006 417 4046 u⁰
438 3993 516 4045 1094.

107 4075 130 4128 ²·
149 4081 252 4136 Actum
265 4081 340 4151 apud
354 4079 506 4138 Vinceuas,
519 4075 640 4129 sabbato
654 4083 717 4127 ante
729 4075 833 4126 festum
847 4073 1044 4143 apostolorum
1058 4071 1190 4142 Symonis

77 4167 101 4209 et
118 4162 199 4229 lude,
221 4183 293 4218 auno
308 4164 423 4218 Domini
443 4161 568 4215 M.CCC.
587 4161 712 4213 secundo
735 4179 760 4212 r.
777 4157 982 4228 Apograpbum
1000 4175 1066 4209 xvrr.
1086 4155 1190 4209 saeculo

76 4245 215 4318 scriptum.
228 4249 304 4304 Bibl.
319 4258 392 4310 nat,
407 4266 459 4299 ms.
478 4245 596 4298 Moreau
611 4245 673 4307 lot,
687 4245 706 4297 f.
721 4246 759 4306 l.,
776 4244 822 4296 ed.
839 4244 923 4304 Gmr,
935 4243 1063 4307 Ducum,
1081 4259 1108 4311 p.
1127 4242 1189 4293 157.

123 4335 323 4382 Furor-Buranun.
335 4360 360 4368 -
370 4339 398 4377 Do
408 4350 469 4376 exerc.
480 4345 581 4375 commeat.
1063 4329 1077 4371 6
