3044 5082
771 388 971 462 ..54-

311 537 459 640 seilicet
478 539 674 628 suasoriis
699 543 802 612 omni
825 544 861 612 vi
883 556 1042 629 remota,
1065 556 1103 614 et
1117 539 1257 640 quibus
1276 545 1435 638 insuper

310 663 358 736 de
377 665 550 763 pecuniis
567 663 777 750 solvendiS,
802 669 909 765 regio
935 666 1063 766 sigillo
1085 665 1333 752 cancellatim,
1358 664 1435 736 fieri

310 789 457 861 litteras
470 787 630 886 jubebat
645 790 669 862 ¹.
684 793 953 890 Tempusvero
967 817 1043 891 quo
1057 794 1229 891 pecuniae
1240 789 1436 864 solvende
1500 832 1501 839 κ

311 927 419 986 erant
439 915 580 1011 saepius
596 939 617 984 a
631 939 723 1010 rege
739 916 778 986 in
796 941 916 987 annos
934 915 1211 1015 proferebatur,
1230 929 1438 988 uteonstat
1500 897 1501 965 l

220 1101 222 1106 .
311 1063 332 1110 e
354 1040 498 1135 scripto
526 1054 721 1111 asservato
745 1043 783 1110 in
805 1044 997 1139 compotis
1020 1042 1187 1114 thesauri
1210 1043 1304 1138 regii
1341 1065 1437 1138 quos

311 1187 433 1261 nuper
451 1160 679 1235 admodum]
685 1163 905 1238 uliusViard
915 1168 1016 1265 typis
1029 1164 1250 1251 mandabat,
1265 1165 1439 1264 equibus

312 1289 738 1386 accepimuspeouniam
757 1289 804 1361 ad
821 1293 1065 1389 garnisiones
1079 1290 1323 1363 instruendas
1339 1314 1439 1361 anno

312 1413 556 1486 mcccxv.
588 1413 737 1498 iactam,
775 1416 927 1486 nonnisi
951 1441 1050 1488 anno
1079 1416 1436 1489 M.CCC.XX.VIll.

234 1614 238 1624 ‚
312 1535 476 1608 solutam
493 1561 580 1608 esse
600 1538 624 1608 ².

362 1663 400 1733 Si
439 1686 529 1732 vero
575 1665 701 1760 regios
740 1679 965 1762 compotoS,
1017 1690 1104 1736 eum
1149 1663 1326 1762 Philippo
1374 1666 1437 1736 IV.

313 1800 497 1884 regnante
513 1789 690 1886 scriptos,
702 1802 783 1861 turn
796 1788 972 1888 Philippo
981 1791 1061 1876 Vl.,
1072 1788 1248 1862 evolvere
1264 1789 1436 1868 libuerit,

314 1910 520 1984 nonnullos
544 1911 651 1985 locos
675 1916 844 2012 reperies
868 1914 1049 2013 equibus
1074 1913 1319 2013 perdiligenti
1347 1937 1439 1984 eura

313 2038 553 2135 garnisiones
574 2023 670 2110 intra
686 2040 820 2136 patriae
835 2037 933 2111 fines
953 2041 1052 2112 XIV.
1073 2038 1215 2110 saeculo
1229 2040 1440 2110 instructas

270 2205 271 2209 =
314 2160 445 2246 luisse,
457 2176 575 2258 patet.
595 2163 663 2233 Hie
677 2163 779 2234 enirn
790 2187 994 2260 granorum
1010 2205 1059 2216 —-·
1076 2187 1205 2235 avenae
1222 2163 1436 2260 praesertim

313 2327 362 2339 —-
378 2311 420 2356 ao
436 2289 631 2385 omnigeni
647 2285 777 2384 pabuli
792 2289 904 2385 eopia
916 2289 929 2332 3
943 2286 1204 2360 contrahenda
1214 2286 1434 2370 videbatur,

351 2581 377 2632 l.
399 2579 575 2642 Mandatum,
597 2598 667 2632 anuo
683 2581 855 2634 M.CCC.III
866 2621 883 2643 .‚
899 2581 1023 2633 secunda
1039 2581 1085 2632 die
1099 2581 1185 2642 Junii,
1209 2600 1223 2632 a
1238 2580 1375 2650 Philippo
1391 2579 1437 2632 lV.

315 2667 349 2718 ad
359 2664 617 2734 Rothomagensem
631 2663 778 2717 baillivum
794 2665 1183 2718 missum.Prrourrr10uusIV.

304 2770 307 2778 ’
353 2752 378 2802 2.
400 2751 431 2800 ln
459 2749 645 2820 sequentibus
665 2750 806 2819 compotis
834 2751 868 2802 de
891 2750 1082 2820 expeditione,
1107 2769 1122 2800 a
1147 2749 1293 2803 Ludovico
1315 2749 1437 2807 decime,

315 2837 489 2887 Francorum
504 2853 583 2904 rege,
605 2851 701 2886 mense
723 2833 857 2904 Augusti,
882 2850 953 2887 anno
978 2834 1168 2888 M.CCC.XV.
1191 2834 1220 2886 in
1246 2833 1439 2886 Flandrenses

316 2929 402 2981 mota,
418 2918 512 2988 agitur
527 2939 532 2970 :

352 3024 364 3054 r
381 3003 525 3056 lohannes
545 3002 703 3072 Aunyeres‚
724 3020 778 3072 pro
794 3002 919 3054 denariis
935 3001 992 3055 sibi
1006 3001 1113 3056 debitis
1132 3002 1206 3055 inter
1220 3001 1317 3056 debita
1332 3001 1438 3054 tradita

316 3088 393 3141 curie
409 3105 461 3157 per
475 3087 654 3156 Baldoynum
672 3088 707 3138 de
723 3088 847 3156 Royan,
865 3105 918 3156 pro
936 3086 1150 3156 garnisionihus
1164 3087 1248 3140 factis
1264 3105 1316 3158 pro
1333 3103 1438 3156 guerra

317 3172 540 3238 Flaudrie‚auno
556 3171 715 3238 CCC.XV.‚
725 3171 753 3222 in
768 3172 890 3224 termino
903 3172 989 3241 hujus
1005 3174 1081 3242 quod
1097 3172 1219 3226 debetur
1232 3190 1285 3242 pro
1299 3172 1399 3242 porcis
1414 3177 1439 3220 et

315 3255 484 3316 baconibus,
501 3275 553 3326 per
570 3257 697 3307 cedulam
715 3255 793 3307 curie
815 3256 1037 3308 testimonialem
1054 3267 1081 3309 et
1097 3257 1132 3308 de
1153 3258 1295 3317 mandatu,
1310 3257 1343 3307 45
1363 3275 1390 3310 ε.
1408 3264 1437 3314 t.,

316 3341 410 3394 valent
426 3342 459 3391 36
479 3359 502 3392 s.
524 3360 553 3410 p.
568 3370 604 3380 —
623 3339 766 3398 Johanues
786 3341 826 3391 Le
847 3341 911 3401 Rat,
932 3359 985 3410 pro
1005 3341 1100 3403 simili,
1118 3341 1151 3391 42
1168 3359 1190 3392 s.
1213 3350 1245 3404 t.,
1270 3339 1438 3410 Radulphus

316 3426 477 3496 Aymieres,
501 3443 554 3494 pro
578 3423 675 3484 simili,
698 3425 731 3474 13
760 3443 782 3474 a.
800 3433 831 3486 t.,
858 3423 987 3476 Robinus
1003 3425 1099 3486 Milet,
1121 3443 1175 3494 pro
1192 3424 1288 3485 simili,
1304 3424 1336 3474 14
1357 3443 1384 3476 s.
1408 3432 1437 3482 t.,

317 3510 489 3564 Guillelmus
513 3509 641 3570 Poulain,
657 3527 711 3578 pro
734 3508 831 3570 simili,
856 3509 888 3560 14
905 3529 940 3575 s.,
964 3509 1136 3562 Guillelmus
1152 3509 1250 3579 Regis,
1268 3527 1320 3578 pro
1339 3507 1437 3568 simili,

317 3601 350 3651 14
365 3619 388 3652 s.
403 3609 435 3660 t.,
451 3597 619 3668 Radulphus
635 3597 760 3668 Baboys,
778 3615 832 3667 pro
849 3598 945 3659 simili,
963 3599 995 3649 14
1010 3618 1033 3650 s.
1051 3607 1083 3660 t.,
1099 3598 1239 3650 Heuricus
1254 3596 1369 3657 Mathei,
1388 3615 1438 3669 pro

317 3683 415 3750 simili,
441 3684 474 3734 24
498 3701 522 3736 s.
546 3692 578 3748 t.,
600 3682 742 3752 Rogerius
763 3683 882 3744 Marest,
903 3701 956 3752 pro
982 3683 1078 3734 simili.
1108 3685 1122 3734 7
1151 3702 1174 3733 s.
1203 3691 1239 3744 t.,
1268 3681 1439 3734 Guillelmus

317 3768 464 3835 Hardelle,
480 3785 533 3838 pro
547 3767 642 3829 simili,
656 3769 687 3818 11
699 3786 722 3820 s.
737 3777 757 3822 t.
771 3767 884 3818 Summa
899 3768 913 3818 8
930 3767 961 3829 l.,
979 3769 994 3818 2
1008 3786 1044 3834 s.,
1057 3768 1072 3820 5
1086 3769 1114 3819 d.
1129 3786 1170 3836 p.,
1181 3785 1273 3836 comp.
1283 3785 1335 3836 per
1347 3767 1438 3838 magi-

318 3863 408 3905 strum
424 3854 457 3905 R.
475 3854 515 3904 Le
532 3853 603 3922 Gay.
623 3871 635 3902 u
663 3852 819 3922 Compotos
843 3851 889 3903 die
914 3851 1002 3918 lovis,
1027 3851 1172 3904 tricesima
1199 3851 1305 3902 mensis
1330 3851 1437 3910 Martii,

317 3956 389 3990 anno
405 3937 676 3989 M.CCC.XX.VlIl.
692 3936 785 3997 factis,
799 3936 888 3988 edidit
901 3938 926 3988 J.
944 3937 1043 3998 Viard,
1058 3935 1110 3988 loc.
1129 3936 1189 3997 cit,
1204 3948 1236 3988 n0
1252 3937 1295 3989 91.

352 4023 378 4073 3.
402 4041 413 4072 α
431 4021 664 4091 Cepimussuper
677 4022 794 4089 Regem,
803 4038 857 4089 pro
867 4021 977 4072 Marota
990 4021 1090 4072 relicta
1100 4020 1220 4072 Ousseti
1231 4020 1392 4090 Hulredyeu
1406 4022 1438 4072 de

315 4105 476 4166 AttrebatO,
494 4124 547 4175 pro
563 4105 658 4165 blado,
676 4123 760 4156 avena
778 4114 806 4157 et
822 4103 986 4157 mutouibus
1003 4105 1063 4156 suis
1078 4105 1182 4174 captis,
1199 4123 1251 4174 pro
1265 4104 1438 4174 garnisioni-
