3044 5082
584 402 779 473 ...95-

172 557 322 625 «Anno
350 554 501 626 Domini
531 554 856 640 M.CCC.b.Vlll.‚
877 568 1064 627 venerunt
1091 550 1242 651 Anglici

113 677 222 777 apud
256 677 509 780 Gallicantum
534 693 572 751 et
602 680 640 749 in
666 677 796 778 vigilia
816 681 993 753 Omnium
1017 682 1242 751 Sanctorum

113 803 320 876 castellum
343 818 586 902 acceperunt,
613 819 651 876 et
671 802 805 876 eadem
826 805 954 904 vigilia
974 818 1092 877 totam
1114 802 1241 874 villam

116 955 224 1028 pene
261 928 528 1015 incenderunt,
569 943 608 1002 et
643 905 779 1028 postea
812 944 933 1003 totam
970 932 1131 1029 patriam
1174 953 1243 1000 suo

114 1054 333 1127 dominatui
349 1054 663 1154 subjugaverunt,
678 1053 901 1128 mandantes
913 1053 1013 1127 villis
1023 1068 1101 1126 tam
1117 1055 1243 1152 parvis

113 1205 234 1278 quam
257 1181 403 1278 magnis
429 1193 470 1251 ut
489 1205 530 1251 se
549 1205 697 1266 omneS,
718 1177 899 1253 videlicet
931 1205 1106 1278 corpora,
1126 1178 1240 1264 bona,

115 1303 277 1376 mobilia
313 1303 559 1391 redimerent,
601 1304 769 1403 alioquin
802 1303 937 1377 domos
966 1302 1239 1377 incenderent:

113 1428 223 1530 quod
255 1432 305 1501 ita
336 1429 509 1501 fecerunt
547 1428 720 1527 pluribus
750 1428 859 1502 locis.
889 1429 998 1504 Unde
1031 1429 1171 1501 turbati
1204 1442 1243 1501 et

115 1554 231 1628 valde
270 1556 462 1654 perterriti
496 1554 650 1652 plurimi
691 1553 822 1653 populi
857 1579 947 1654 erga
985 1553 1168 1654 Anglioos
1203 1578 1243 1626 se

114 1695 330 1765 traxerunt,
362 1677 563 1751 licenciam
590 1679 775 1751 facientes
806 1703 874 1778 per
904 1678 1056 1751 modum
1093 1677 1243 1751 redem-

114 1806 249 1891 tioniS,
290 1803 434 1892 eisdem
473 1806 743 1903 promittentes
781 1803 1014 1876 florenorum
1044 1805 1240 1902 pecunias

114 1929 275 2015 farinas,
294 1954 446 2016 avenas,
466 1943 504 2000 et
526 1929 643 2002 multa
663 1928 734 2002 alia
749 1931 866 2002 victui
882 1954 952 2001 suo
969 1931 1185 2002 necessaria
1202 1954 1243 2000 se

116 2053 293 2141 daturos
307 2055 339 2125 si
354 2052 520 2152 aliquam
537 2069 685 2153 partem
701 2056 886 2153 temporis
905 2081 925 2126 a
941 2055 1144 2126 tormentis
1161 2078 1243 2152 pre·

115 2178 235 2250 dictis
273 2195 484 2262 cessarent,
519 2181 608 2278 quia
645 2178 948 2278 quamplurimos
995 2179 1170 2251 homines
1202 2180 1238 2248 in

115 2303 282 2376 diversis
295 2303 390 2376 locis
403 2302 648 2390 occiderunt;
662 2303 757 2376 alios
772 2307 810 2375 in
822 2304 1041 2376 carceribus
1052 2303 1243 2377 obscuris-

116 2431 227 2500 simis
242 2426 479 2517 detinebant,
502 2429 664 2528 singulis
684 2427 821 2504 diebus
842 2431 897 2502 eis
932 2445 1090 2503 mortem
1118 2430 1243 2500 immi-

116 2567 270 2640 nentes,
293 2568 332 2625 et
362 2577 428 2626 eos
454 2553 692 2643 verberibus,
716 2554 855 2654 plagis,
884 2554 981 2626 fame
1009 2567 1047 2626 et
1068 2555 1240 2653 penuria,

117 2679 220 2751 ultra
248 2704 362 2777 quam
382 2702 423 2750 se
444 2677 547 2752 credi
569 2693 710 2778 potest,
728 2681 968 2751 incessanter
1001 2678 1238 2778 affligebant.

117 2803 196 2876 Alii
229 2828 320 2876 vero
345 2829 422 2875 non
457 2801 644 2876 habentes
682 2802 784 2876 unde
820 2830 861 2876 se
894 2803 1139 2888 redimerent,
1172 2829 1242 2875 nec

118 2931 242 3001 eciam
259 2927 434 3000 volentes
448 2953 490 3000 se
505 2931 685 3026 potestati
698 2955 765 3001 sue
778 2928 1018 3012 submittere,
1031 2928 1099 3000 sed
1112 2954 1245 3000 manus

120 3078 211 3126 suas
230 3051 407 3140 evadere,
431 3054 469 3123 in
494 3053 716 3126 nemoribus
738 3053 859 3154 logias
880 3053 1083 3139 faciebant,
1103 3051 1243 3125 ibidem

120 3203 260 3278 panem
274 3204 383 3250 suum
397 3205 483 3250 eum
501 3193 616 3264 meta,
630 3181 790 3251 tristicia
802 3194 840 3251 et
855 3182 957 3251 omni
970 3177 1103 3252 dolore
1115 3203 1245 3250 come-

120 3302 274 3375 dentes
298 3301 408 3399 Quod
435 3305 555 3376 eciam
589 3303 762 3402 Anglicis
792 3306 957 3376 innotuit
981 3319 1019 3376 et
1046 3329 1114 3402 pro
1140 3317 1245 3375 certo

122 3426 248 3499 dictas
265 3427 386 3526 logias
397 3429 633 3527 quesierunt,
646 3453 801 3500 nemora
812 3427 940 3526 plures
953 3429 1243 3526 investigantes

120 3567 162 3624 et
193 3551 334 3625 multos
366 3551 542 3624 homines
568 3551 620 3622 ibi
649 3567 856 3636 morantes,
876 3551 971 3624 alios
1003 3550 1241 3637 occiderunt,

123 3675 220 3748 alios
250 3691 482 3775 acceperunt
514 3691 552 3749 et
584 3676 646 3749 alii
681 3692 896 3749 evaserunt.
916 3679 971 3749 De
997 3676 1135 3776 quibus
1158 3653 1243 3773 ege,

123 3803 235 3900 Hugo
262 3799 309 3873 de
330 3804 614 3900 Montegeronis
632 3803 656 3888 ¹,
681 3803 785 3900 prior
802 3800 850 3873 de
872 3801 1035 3874 ssrailet2
1059 3803 1097 3872 in
1117 3826 1246 3900 parro-

161 3993 188 4046 1.
209 3991 269 4045 Hoc
285 3991 404 4045 verbum
416 4011 469 4063 pro
482 4003 560 4046 certo
576 3995 603 4046 in
614 3995 712 4047 codice
725 3995 810 4064 (Bibl.
824 3995 852 4049 S.
870 3995 978 4046 Genov.
994 3992 1177 4055 Parisiensis,
1192 4011 1245 4049 ms.

124 4077 187 4145 207,
204 4077 272 4130 olim
285 4075 333 4129 CC
350 4077 368 4137 l,
386 4077 622 4148 in-f01.1‚f.105)
638 4079 696 4149 legi
712 4098 766 4133 non
781 4088 886 4149 potest.

160 4163 186 4214 2.
208 4163 240 4213 In
253 4159 309 4214 alio
325 4162 454 4231 ejusdem
469 4162 578 4215 codicis
593 4164 815 4233 loco,prioratus
829 4165 878 4217 ille
892 4184 903 4214 «
919 4164 955 4215 de
971 4161 1116 4215 Brnletis»
1130 4171 1248 4214 vocatur

125 4247 156 4316 (f.
170 4246 204 4297 29
217 4247 267 4314 r⁰);
282 4264 373 4318 neque
387 4263 455 4299 vero
466 4246 610 4318 prioratus
627 4265 657 4299 ea
672 4248 864 4320 appellatione
880 4257 993 4300 notatus
1010 4248 1038 4299 in
1052 4246 1146 4300 Gallia
1161 4245 1247 4298 chris-
