3044 5082
803 367 995 440 ...46-

340 513 442 614 quod
459 514 761 614 adprobandum
779 517 896 592 multa
910 517 1154 608 documenta,
1165 518 1283 592 dubio
1307 519 1442 619 procul,

340 638 620 740 chronographi
638 643 701 740 qui
722 641 770 716 de
789 642 1099 742 expeditionibus
1124 645 1163 716 in
1189 648 1346 717 Terram
1370 647 1447 717 Sau-

340 779 441 838 ctam
457 765 583 838 ductis
599 768 849 866 scripserunt,
866 793 995 842 eorum
1010 771 1151 868 scripta
1163 769 1354 843 evolventi
1367 795 1448 868 pra-

341 889 516 963 berentl.
547 893 678 991 Neque
720 892 932 966 mirandum
971 895 1000 966 si
1039 897 1158 968 ceteri
1189 897 1385 995 principes
1417 909 1449 966 ct

341 996 465 1113 reges,
495 1041 655 1114 quorum
686 1019 724 1090 in
761 1017 908 1092 ditione
934 1033 972 1092 et
1012 1045 1132 1119 regno
1152 1034 1260 1094 erant
1298 1022 1449 1117 Europa

340 1153 489 1237 genteS,
509 1143 624 1214 armis
652 1140 898 1228 decertaturi,
914 1168 991 1216 non
1009 1145 1146 1216 minori
1175 1143 1379 1242 diligentia
1414 1169 1449 1215 ac

341 1267 1449 1368 regesllraucorum,mercatoresalliciendos,utagminum

340 1400 628 1484 castrorumque
673 1386 950 1460 commeatibus
990 1387 1250 1487 providerent,
1285 1389 1451 1462 arbitrati

340 1511 923 1610 sint.AnnoquippeM.CC.XC.
937 1512 1448 1613 Vll.,GuidodeDampetra,

339 1632 526 1706 Flandriae
543 1661 685 1722 cornea,
706 1639 821 1710 armis
841 1663 927 1709 cum
948 1640 1179 1712 Francorum
1195 1665 1286 1739 rege
1302 1653 1451 1713 conten-

337 1866 372 1919 de
385 1867 556 1938 quibusdam
568 1867 719 1936 Aragoniae
734 1869 942 1923 mercatoribus
958 1869 1007 1940 qui
1020 1869 1056 1931 ei,
1073 1870 1101 1922 in
1117 1871 1271 1924 Tarentino
1286 1881 1387 1942 portu,
1399 1871 1451 1922 fru-

336 1961 459 2005 mentum
472 1962 499 2005 et
510 1971 618 2023 pannos
633 1953 826 2006 vendiderant.
845 1953 930 2024 (Bibt.
950 1962 1021 2016 nat„
1043 1973 1096 2008 ms.
1114 1956 1147 2007 fr.
1170 1957 1272 2016 26020,
1289 1967 1321 2007 n⁰
1337 1955 1420 2026 644);
1440 1971 1452 2003 a

337 2036 372 2089 N.
383 2037 481 2090 Valois
495 2045 615 2099 notatas,
634 2036 810 2110 Expedition
823 2037 858 2091 de
875 2041 962 2092 Leuis
975 2041 994 2090 I
1003 2037 1126 2111 d'Anjou
1143 2057 1177 2093 en
1190 2039 1284 2102 Italie,
1297 2041 1393 2093 Revue
1408 2038 1452 2091 des

336 2128 428 2193 queat.
446 2121 524 2183 trist,
542 2122 642 2190 ljanv.
660 2121 740 2184 1894,
757 2141 785 2192 p.
803 2123 864 2185 139,
879 2143 907 2174 n.
923 2124 948 2175 l.

370 2206 399 2259 1.
424 2206 582 2269 Quemdam
594 2208 757 2276 compotum
772 2208 807 2259 de
820 2207 1010 2278 expeditione,
1028 2226 1112 2279 quam
1125 2197 1235 2278 primus
1244 2207 1388 2262 Borbonii
1401 2209 1450 2259 dur

335 2289 364 2342 in
383 2290 500 2342 Terram
520 2291 649 2344 Sanctam
668 2291 744 2344 circa
765 2309 852 2344 annos
871 2292 1374 2347 M.CCC.XVI.-M.CCC.XXX.III.
1394 2294 1452 2344 duc·

334 2384 416 2428 turus
429 2383 516 2436 esset,
531 2375 744 2428 eruditissimus
759 2377 801 2428 vir
817 2376 851 2431 A.
869 2378 903 2429 de
919 2377 1056 2430 Boislisle
1072 2377 1100 2430 iu
1120 2376 1211 2430 lucem
1229 2377 1385 2448 prodebat,
1402 2394 1452 2448 quo

335 2448 585 2512 commeatuum-a
614 2460 730 2512 Francis
761 2479 857 2513 secum
882 2461 1155 2514 transvebendorum
1177 2461 1277 2515 notitia
1296 2462 1451 2532 praehetur,

334 2544 476 2616 idemque,
493 2543 615 2614 exempli
634 2545 735 2614 gratia,
752 2544 798 2597 hic
817 2545 922 2616 partim
935 2545 1018 2598 nobis
1035 2545 1270 2598 transcribendus
1283 2557 1337 2599 est:

454 2649 466 2680 a
483 2629 623 2682 Secuntur
637 2647 760 2699 expense
775 2630 937 2682 necessarie
950 2648 1003 2700 pro
1019 2629 1183 2684 bominibus
1197 2639 1224 2683 et
1237 2631 1330 2702 equis.

368 2713 473 2776 Primo,
487 2712 592 2766 levabit
606 2714 769 2766 necessaria
781 2731 835 2785 pro
851 2733 903 2766 mx.
921 2714 1024 2768 diebus
1037 2733 1091 2785 pro
1105 2715 1197 2786 equis,
1213 2714 1345 2768 videlicet
1366 2736 1372 2767 :
1392 2733 1452 2786 qua-

332 2809 399 2852 tuor
411 2799 518 2851 emiuas
529 2797 610 2851 ordei
622 2807 651 2850 et
664 2807 787 2870 quatuor
802 2799 910 2850 eminas
925 2799 1010 2852 finate
1027 2817 1080 2870 pro
1094 2799 1224 2871 quolibet
1237 2818 1321 2871 equo.

368 2886 447 2946 Item,
468 2901 522 2953 pro
546 2883 641 2937 tribus
660 2883 753 2955 equis,
782 2901 866 2936 unam
892 2883 1055 2936 basacbiam
1082 2885 1117 2936 de
1146 2902 1181 2936 π.
1208 2884 1316 2946 cannis,
1342 2885 1452 2954 plenam

335 2967 438 3038 paleis.

369 3056 449 3119 Item,
461 3053 580 3106 sormam
595 3052 732 3122 (farinam)
744 3053 835 3114 ordei,
853 3052 973 3104 eminam
985 3070 1069 3104 uuam
1082 3070 1135 3122 pro
1151 3053 1280 3124 qualibet
1295 3052 1402 3106 bestia.

369 3140 449 3199 Item,
464 3136 616 3190 bisooi'tum
630 3136 720 3207 (panis
735 3137 889 3206 biscoctusl
903 3155 957 3207 pro
971 3136 1085 3189 duabus
1097 3137 1242 3206 personis,
1257 3155 1343 3190 unum
1358 3155 1451 3191 sacum

335 3222 497 3293 appelatum
510 3221 545 3275 de
561 3222 679 3274 moisen.

369 3311 449 3369 Item,
467 3307 578 3360 devino
594 3308 665 3359 duas
683 3305 859 3376 millayrolas
876 3322 928 3376 pro
945 3304 1222 3376 qualibet‘persona.

368 3395 447 3454 Item,
463 3392 645 3444 decernibus
668 3391 763 3450 salsis,
781 3408 834 3460 pro
851 3400 973 3461 quatuor
987 3391 1121 3461 personis
1141 3409 1227 3443 unum
1242 3391 1384 3462 quintale,

369 3481 449 3538 Item,
464 3478 499 3529 de
513 3477 604 3529 caseis
615 3494 668 3546 pro
685 3494 736 3528 .xv.
753 3475 897 3544 personis,
912 3492 997 3526 unum
1014 3463 1148 3546 quintale.

369 3565 448 3624 Item,
461 3562 496 3614 de
512 3561 595 3623 fabis,
609 3578 662 3630 pro
682 3569 805 3632 quatuor
816 3560 960 3630 personis,
977 3578 1060 3612 unam
1074 3560 1202 3612 eminam.

369 3647 449 3708 Item,
466 3646 500 3697 de
512 3645 650 3707 liceubus,
664 3664 717 3715 pro
736 3663 789 3697 .xv.
803 3643 1038 3714 personis,unam
1054 3645 1185 3698 eminam.

368 3733 448 3793 Item,
463 3731 498 3782 de
514 3729 670 3800 lentigulis,
682 3747 736 3799 pro
754 3747 806 3782 .xv.
820 3727 964 3799 personis,
985 3746 1068 3780 unam
1081 3729 1211 3782 eminam.

368 3820 447 3877 Item,
462 3816 556 3886 pisces
573 3814 667 3866 salsos
682 3823 710 3866 et
723 3831 809 3883 copas
823 3822 851 3865 et
864 3812 934 3865 allea
950 3824 977 3865 et
993 3813 1048 3865 alia
1060 3813 1202 3876 victualia,
1212 3813 1306 3866 oleum
1322 3824 1351 3867 et
1364 3816 1452 3870 risum

333 3908 361 3953 et
375 3900 516 3967 amidalis,
533 3900 686 3951 secundum
698 3898 879 3951 condiciones
895 3915 1094 3968 personarum.
1110 3943 1114 3953 ,

367 3991 447 4050 Item,
465 4007 566 4060 aquam
581 4007 634 4058 pro
649 3987 741 4059 equiS,
760 4005 901 4040 muoeoc.
919 3985 1106 4056 millayrolas

367 4076 447 4136 Item,
463 4092 564 4145 aquam
577 4091 630 4143 pro
643 4071 786 4143 personis,
799 4070 953 4142 cujuslibet
965 4071 1055 4132 navis,
1069 4091 1099 4123 u.
1114 4084 1153 4124 νῦ.
1169 4071 1357 4143 millayrolas.
1375 4095 1402 4125 a,

864 4157 908 4208 ed.
923 4155 957 4208 A.
971 4156 1005 4207 de
1021 4156 1178 4219 Emensus,
1194 4175 1242 4226 pp.
1261 4157 1375 4210 253-54.
