2984 5152
455 1102 808 1175 PROBATIONES.

121 1486 148 1547 I.
171 1487 374 1550 Mandatum
402 1525 446 1538 -
466 1487 562 1564 1269,
592 1485 632 1551 16
661 1489 770 1574 Sept„
795 1511 822 1550 s.
852 1485 874 1548 l.
904 1523 946 1536 -
972 1486 1014 1548 ab
1038 1485 1203 1572 Alplronso

78 1594 195 1654 comite
210 1589 414 1654 Pictaviensi
429 1604 460 1652 ct
479 1591 506 1652 Τ
503 1590 626 1666 bolesa,
644 1590 692 1652 od
711 1590 737 1652 Τ
735 1590 867 1654 hemam
883 1589 922 1652 de
941 1588 1088 1666 Nooilla,
1109 1588 1202 1652 oleri·

81 1716 152 1758 cum
173 1719 286 1774 suum,
305 1701 441 1760 missum
458 1699 497 1760 de
514 1695 741 1761 venationibus
753 1695 932 1782 parandis.

122 1882 295 1966 Alfonsus‚
323 1883 411 1948 filius
434 1885 525 1974 regis
550 1887 767 1962 Francorum,
792 1906 903 1948 comes
933 1881 1138 1948 Pictavensis
1170 1896 1203 1946 et

81 1988 239 2068 Tholose,
261 1990 387 2054 dilecto
404 2005 436 2056 et
450 1989 540 2056 fideli
557 1989 680 2055 clerico
696 2015 755 2054 suo
771 1991 898 2054 Thome
919 1989 960 2054 de
977 1988 1119 2072 Novilla,
1139 1988 1202 2054 cle-

83 2093 162 2175 rico,
178 2097 318 2162 salutem
334 2111 367 2162 et
382 2097 610 2162 dilectionem.
622 2097 816 2164 Mandamus
827 2097 922 2161 vobis
934 2096 1090 2185 quatinus
1102 2120 1203 2184 super

81 2203 315 2288 preparatione
327 2201 448 2269 retium
458 2218 661 2280 nostrorum,
673 2217 705 2268 et
715 2202 790 2268 aliis
799 2203 906 2281 novis,
918 2227 1022 2296 usque
1035 2201 1075 2266 ad
1087 2201 1201 2266 decem

81 2307 129 2370 vel
141 2309 338 2405 duodecim,⁴
348 2309 376 2374 si
388 2333 473 2400 opus
484 2310 596 2388 suerit,
610 2310 783 2389 faciendis,
795 2334 856 2398 pro
872 2308 1022 2374 venando
1034 2308 1074 2372 ad
1088 2332 1200 2396 apros,

83 2436 156 2478 cum
191 2416 376 2482 senescallo
401 2430 518 2482 nostro
540 2417 731 2482 Tholosano
754 2430 787 2481 et
810 2415 964 2482 Albiensi
998 2429 1030 2479 et
1053 2415 1201 2479 iohanne

83 2519 233 2588 Archerii
254 2523 459 2612 colloquium
475 2524 639 2602 habeatis,
661 2538 693 2589 et
709 2523 819 2588 eidem
835 2521 1032 2604 senescallo,
1050 2547 1089 2586 ex
1109 2535 1202 2610 parte

83 2643 208 2709 nostra,
223 2630 343 2695 dicatis
358 2630 460 2719 quod,
471 2631 512 2694 ab
524 2631 662 2696 instanti
676 2630 846 2720 quindena
856 2629 932 2694 sesti
945 2627 1048 2694 sancti
1060 2628 1203 2693 Michae-

83 2731 122 2798 lis
138 2760 244 2824 usque
264 2737 305 2802 ad
318 2737 446 2802 instans
464 2737 583 2802 festum
597 2737 976 2802 Omnium-Sanctorum
991 2735 1063 2800 sine
1076 2735 1203 2800 retibus

84 2840 123 2904 ad
149 2867 262 2930 aproS,
296 2857 329 2909 et
363 2869 379 2909 a
418 2843 509 2908 dicto
546 2845 631 2909 sesto
659 2844 1008 2909 Omium-Sunctorum
1036 2842 1071 2906 in
1107 2856 1202 2906 antea

83 2965 188 3032 usque
212 2947 253 3010 ad
272 2946 517 3012 candelosam¹
537 2947 589 3011 vel
614 2946 895 3033 carniprivium·2,
918 2947 950 3010 in
972 2943 1105 3010 forestis
1122 2969 1202 3009 nos-

84 3049 156 3131 tris,
173 3076 246 3118 cum
259 3053 512 3118 retibusvenari
523 3053 621 3118 faciat
636 3077 697 3142 per
713 3053 839 3117 dictum
856 3051 1203 3118 lohannemArcherii

86 3169 116 3220 et
127 3159 209 3224 alios
221 3183 304 3248 quos
316 3159 418 3224 iidem
427 3161 632 3225 senescallus
645 3175 677 3225 et
688 3161 855 3224 lohannes
864 3157 1019 3223 viderunt
1031 3158 1201 3246 expedire,

86 3277 116 3327 et
126 3289 223 3353 apros
233 3265 343 3331 etleas
355 3266 442 3354 capi,
454 3266 487 3330 in
505 3266 623 3355 majori
639 3266 823 3354 quantitate
836 3290 934 3354 quam
948 3265 1084 3353 poterit,
1098 3288 1203 3352 usque

86 3369 124 3434 ad
136 3371 309 3454 ducentos,
324 3373 375 3436 vel
391 3373 492 3453 circa,
506 3388 538 3440 et
556 3397 612 3438 eos
629 3375 713 3438 bene
734 3373 831 3437 saciat
847 3371 964 3438 salsari
980 3372 1020 3436 ad
1040 3371 1204 3436 defferen-

87 3474 162 3541 dum
182 3479 266 3544 ultre
284 3503 387 3560 mare,
405 3493 438 3544 et
458 3479 547 3545 dicto
567 3480 723 3560 iohanni,
741 3504 781 3544 ex
795 3493 890 3569 parte
907 3493 1032 3558 nostra,
1049 3477 1204 3568 speciali-

88 3593 135 3647 ter
150 3583 331 3676 injungatis
349 3599 385 3650 ut
400 3587 434 3650 in
450 3585 613 3674 predictis
632 3587 759 3651 retibus
780 3585 905 3651 nostris
920 3585 1153 3674 preparandiS,
1173 3600 1205 3650 et

89 3689 159 3756 aliis
175 3691 279 3775 novis,
291 3717 398 3782 usque
415 3693 456 3758 ad
468 3693 596 3758 dictum
612 3718 798 3774 numerum,
813 3693 841 3758 si
859 3718 944 3783 opus
960 3693 1072 3776 fuerit,
1084 3693 1204 3758 facien-

122 3919 145 3972 1.
167 3920 295 3974 Secunda
308 3919 355 3973 die
373 3921 480 3974 mensis
501 3921 662 3976 Februarii.

121 4004 145 4056 2.
168 4005 408 4078 «Carniprivium
426 4007 547 4060 »medio
568 4025 638 4074 sevo,
656 4018 703 4061 aut
725 4007 867 4062 dominica
883 4007 1105 4080 Septuagesimae
1122 4007 1203 4076 (auno

90 4083 313 4157 M.CC.LX.IV.‚
329 4089 438 4143 decima
454 4100 533 4144 sexta
543 4091 590 4144 die
601 4092 708 4145 mensis
722 4093 892 4163 Februarii),
906 4103 953 4145 aut
969 4091 1109 4145 dominica
1125 4091 1203 4154 Qua,

91 4167 253 4244 dragesimae
273 4174 384 4248 (eodem
400 4193 483 4246 anno,
497 4187 599 4248 quarta
613 4177 658 4230 die
671 4177 778 4235 mensis
792 4178 898 4252 Martii)
913 4175 1077 4238 vocabatur.
