2984 5152
558 344 752 416 -89-

79 511 164 569 tum
185 498 362 596 reliquit,
377 541 426 578 -,-
440 495 605 568 lnsulam
622 494 869 568 obsederunt.
885 487 1025 567 Contra
1040 517 1136 592 quos
1153 519 1216 566 rex

79 624 351 717 (Francorum)
368 623 577 696 exercitum
607 621 856 720 congregavit
879 633 917 692 et
938 617 1129 692 ordinavit
1158 621 1214 690 sio

77 771 149 818 eos
171 774 248 846 per
262 763 403 821 terram
424 762 462 819 et
477 771 545 845 per
563 771 666 818 mare
685 742 917 818 concludere
932 741 1035 842 quod
1052 741 1214 816 evadere

77 897 161 944 non
172 887 353 972 possent.
373 854 483 946 Unde
499 874 537 943 in
556 870 658 943 villis
673 868 952 968 adjacentibus,
970 871 1114 954 Duum,
1127 871 1217 940 Tor-

76 1021 185 1068 naoo
210 995 618 1070 etSancto-Odomaro
638 995 663 1079 ¹,
683 996 920 1067 munitiones
936 995 1078 1092 posuit,
1100 1017 1214 1068 unum

78 1118 130 1191 de
163 1121 354 1192 fratribus
383 1135 421 1192 et
448 1119 537 1192 filiis
569 1116 832 1218 preponendo;
887 1117 990 1217 quod
1030 1115 1216 1216 Flamingi

77 1243 286 1332 videntes,
322 1245 431 1318 tarde
468 1244 517 1317 de
563 1243 725 1316 stultitia
760 1245 992 1342 penitentes,
1031 1255 1216 1341 ceperunt

23 1421 28 1430 -
79 1370 291 1467 quomodo
311 1369 516 1444 evaderent
534 1371 704 1468 cogitare
722 1371 735 1414 2
758 1397 790 1440 ».

132 1495 238 1567 Inde
253 1498 285 1567 si
307 1497 393 1593 quis
413 1495 514 1566 bunc
543 1493 715 1567 libellum
737 1493 931 1580 evolvens
956 1493 1092 1592 quaerit
1115 1489 1217 1592 quod

80 1617 207 1692 nobis
224 1644 354 1691 verum
372 1619 559 1704 videatur,
583 1621 762 1718 quoniam
780 1621 981 1691 sententiae
1003 1634 1116 1716 atque
1133 1618 1218 1716 opi-

81 1746 223 1816 nionis
243 1759 383 1817 nostrae
409 1744 603 1844 legentem
625 1769 711 1816 esse
730 1745 957 1843 participem
978 1741 1087 1815 valde
1107 1756 1218 1841 opta-

84 1894 176 1940 mus
193 1913 245 1924 -
259 1869 353 1940 nihil
365 1872 467 1942 enim
487 1867 590 1941 aliud
610 1871 684 1942 nisi
701 1870 930 1940 sententiam
948 1869 1216 1967 etopinionem

82 2009 265 2066 nostram
280 1993 468 2067 allirmare
485 2019 750 2094 possumus-
763 1993 888 2092 quoad
905 1995 1116 2092 poterimus
1129 2018 1217 2092 pau-

85 2120 146 2192 cis
170 2109 304 2192 verbis
324 2145 560 2217 exponemus
581 2118 673 2218 quid
694 2119 742 2192 de
760 2118 830 2191 bac
855 2144 894 2191 re
913 2118 1158 2190 frumentaria
1179 2133 1217 2191 et

88 2244 254 2330 cibaria,
282 2247 433 2330 cestrie,
454 2243 702 2344 castellisque
723 2259 761 2317 et
780 2243 1011 2316 exercitibus
1028 2245 1066 2313 in
1082 2244 1217 2315 itinere

90 2368 358 2470 suppeditata,
378 2371 601 2442 sentiamus.
625 2371 657 2442 A
678 2369 803 2442 medio
822 2394 902 2440 aevo
921 2367 1103 2466 usquead
1120 2367 1217 2439 hanc

89 2510 267 2567 nostram
279 2509 429 2568 aetatem
446 2495 752 2592 sapientissimos
767 2509 805 2566 et
818 2491 1088 2566 callidissimos
1101 2494 1218 2591 impe-

89 2628 244 2688 ratores
263 2613 494 2688 exercitibus
509 2617 739 2713 praepositos
759 2613 856 2686 fama
879 2629 917 2686 et
936 2613 1094 2686 historia
1110 2615 1218 2686 novi-

92 2763 182 2812 mus
198 2765 336 2838 magno
355 2764 472 2839 opere
493 2741 641 2811 cavisse
662 2765 709 2811 ne
728 2738 819 2838 quid
834 2737 1055 2810 detrimenti
1072 2740 1219 2836 accipe-

95 2879 185 2938 rent
205 2865 327 2962 copiae
348 2863 488 2962 quibus
505 2879 709 2962 praeerant,
732 2863 805 2934 cibi
826 2865 1027 2960 victusque
1045 2865 1215 2960 penuria.

95 2988 167 3060 Sin
183 2988 295 3062 aliter
310 2987 494 3062 fecissent
510 2987 637 3061 oflicio
653 3004 692 3061 et
706 2987 886 3088 dignitati
899 3015 976 3060 suae
991 2987 1216 3062 defuissent.

95 3113 345 3187 Commeatus
375 3113 462 3186 illos
492 3116 608 3212 igitur
627 3116 817 3186 auctiores
845 3129 884 3186 et
909 3113 1128 3212 ampliores,
1152 3097 1219 3186 seu

98 3253 323 3326 convectos,
347 3265 414 3311 seu
430 3237 625 3326 advectos
649 3265 733 3312 cum
752 3241 789 3310 in
808 3238 1091 3338 expeditionem
1112 3263 1220 3311 exer-

95 3364 216 3436 citum
235 3363 456 3449 educerent,
469 3365 577 3462 quasi
592 3367 629 3435 in
642 3390 762 3436 annos
774 3364 959 3436 lecerunt.
973 3365 1072 3459 Quin
1089 3366 1217 3447 etiam,

97 3503 139 3562 ut
159 3490 329 3561 omnium
348 3513 488 3578 rerum,
507 3515 591 3587 quae
612 3488 659 3561 ad
677 3488 818 3561 bellum
836 3490 920 3560 usui
934 3502 1054 3576 erant,
1073 3514 1220 3560 summa

97 3613 138 3684 in
157 3615 295 3686 castris
317 3629 355 3686 et
372 3613 526 3713 oppidis
546 3615 657 3713 copia
675 3613 900 3697 abundaret,
918 3639 1050 3686 omnes
1067 3612 1221 3685 faculta-

99 3751 159 3812 tes
195 3737 361 3812 libenter
393 3741 633 3838 arripuerunt
663 3765 757 3838 quas
785 3738 857 3810 sibi
885 3738 1010 3812 cultus
1043 3754 1221 3836 artesque

98 3870 263 3941 virorum
299 3869 534 3968 praebebant.
567 3869 655 3952 sed,
680 3873 710 3941 si
738 3869 811 3944 hoc
843 3882 990 3942 tautum
1024 3870 1220 3968 exceperis

137 4061 162 4114 l.
184 4061 287 4122 Douai,
302 4061 427 4113 Tournai
441 4071 468 4113 et
484 4061 631 4114 St-Omer.

135 4145 160 4198 2.
180 4147 214 4197 D.
232 4147 335 4221 Bouq.‚
351 4146 424 4208 XXI,
440 4147 502 4207 659,
519 4147 594 4202 B-D.
