3044 5082
595 404 645 420 -·
669 363 715 436 27
741 402 792 418 -
898 375 903 389 '

130 539 323 588 enarrare.
355 517 401 590 ut
428 513 676 588 nihilominus
709 512 865 588 domum
899 529 1070 588 nostram
1090 513 1254 613 predicti

131 667 301 740 unquam
340 657 587 716 cessaverunt
624 641 881 739 frequentare,
901 642 1098 714 mittentes
1138 640 1254 713 michi

127 764 294 855 litteras,
329 767 519 839 minantes
549 790 750 860 merorem,
793 767 1064 865 promittentes
1097 791 1252 865 ygnem,

130 893 206 964 nisi
234 891 281 965 ad
307 911 373 965 eos
393 917 463 990 per
485 889 719 964 conductum
748 889 907 976 salvum,
933 889 980 964 ab
1004 892 1100 990 ipsis
1121 889 1169 962 ad
1194 915 1254 964 me

115 996 482 1114 Amissum,'iveram.
516 1014 797 1116 propterquod
831 1014 906 1088 adii
936 1031 973 1088 ct
998 1014 1046 1088 ab
1065 1017 1121 1088 eis
1138 1017 1255 1115 impe-

42 1213 51 1226 ,
130 1144 229 1216 travi
246 1142 419 1215 inducias
433 1141 562 1215 alesto
575 1139 759 1214 Catedre¹
781 1165 902 1240 usque
917 1139 964 1212 ad
977 1139 1116 1215 festum
1132 1143 1254 1214 sancti

131 1268 318 1340 Johannis
348 1269 521 1367 Baptiste
537 1267 574 1352 ‘²3
595 1264 663 1338 sed
699 1267 854 1338 minime
878 1265 991 1337 michi
1012 1265 1253 1365 profuerunt,

133 1395 224 1492 quia
239 1395 478 1492 capitaneae,
498 1393 563 1491 qui
593 1416 662 1490 pro
687 1407 778 1463 tunc
806 1398 909 1478 erat,
931 1415 951 1462 a
972 1389 1089 1464 Gallis
1118 1407 1255 1489 captus

132 1517 218 1605 fuit,
239 1533 278 1590 et
298 1520 352 1590 sic
369 1542 506 1616 penam
522 1514 672 1616 perdidi
688 1531 822 1589 totam.
842 1517 947 1588 Etita
964 1517 1001 1586 in
1019 1514 1082 1586 illa
1098 1514 1256 1590 tribula-

131 1645 239 1717 tione
253 1645 327 1714 vixi
339 1668 425 1742 ega,
439 1668 458 1714 a
475 1640 579 1714 dicto
590 1641 689 1714 festo
703 1642 883 1714 Omnium
895 1642 1147 1713 Sanctorumu
1160 1665 1256 1740 sque

132 1767 181 1840 ad
197 1767 338 1841 lestum
353 1765 516 1866 predicti
533 1765 800 1865 baptiste.Sed
813 1767 1034 1838 interimme
1048 1781 1252 1864 ceperunt,

123 1885 203 1966 'sed
225 1917 380 1966 menon
398 1907 694 1989 cognoscentes,
712 1890 877 1963 furatum
897 1888 1148 1988 reliquerunt,
1166 1891 1255 1988 quia

130 2032 282 2092 tantum
316 2019 427 2117 pauci
449 2031 583 2090 erant:
614 2041 729 2113 super
757 2014 895 2114 quibus
923 2013 1101 2088 laudetur
1121 2017 1252 2088 Deus!

132 2147 176 2216 lu
208 2141 274 2216 illo
307 2157 482 2242 tempore
518 2141 704 2240 predicto,
740 2141 868 2213 omnia
912 2138 1068 2212 mobilia
1117 2138 1254 2212 domus

131 2263 1253 2367 depredaverunt,quatuorvini'caudasbiberunt,modium

132 2418 253 2466 avene
289 2391 508 2467 detulerunt
537 2389 584 2463 ad
609 2417 825 2464 mensuram
860 2391 1101 2489 Curteniacy,
1120 2413 1254 2463 omnes

131 2533 261 2590 vestes
287 2542 392 2590 meas
407 2516 636 2606 habuerunt,
654 2541 774 2615 equos
799 2515 911 2589 lurati
930 2531 1033 2605 sunt,
1053 2529 1253 2614 argentum

132 2642 285 2716 duobus
309 2641 458 2714 vicibus
479 2656 714 2724 amoverunt,
736 2643 912 2742 pigiones
929 2639 1255 2714 manducaverunt

131 2785 308 2868 tempore
319 2765 488 2867 paschali
499 2781 537 2839 et
553 2769 667 2839 ctiam
683 2765 875 2838 dominica
887 2768 925 2838 in
942 2767 1108 2838 crastina
1119 2765 1255 2840 beato-

130 2919 216 2965 rum
237 2894 338 2966 Petri
359 2906 397 2965 et
426 2891 531 2964 Pauli
552 2895 577 2963 ³.
600 2893 647 2964 Et
662 2893 731 2978 sic,
754 2916 822 2990 per
850 2892 919 2964 Dei
939 2893 1121 2988 graciam,
1150 2894 1254 2964 evasi

132 3044 269 3090 manus
297 3043 428 3090 eorum
456 3018 495 3087 in
527 3017 681 3089 nominc
715 3018 867 3088 Domini
894 3041 1016 3115 usque
1042 3031 1156 3104 tuno;
1185 3015 1253 3090 sed

131 3145 207 3215 nisi
234 3142 392 3215 voluero
418 3139 580 3240 perdere
606 3167 700 3212 mxx.
729 3157 887 3240 arpenta
922 3139 1123 3215 bladorum
1151 3144 1254 3242 opti-

132 3293 295 3353 morum,
327 3265 522 3365 oportebit
546 3291 633 3337 curn
663 3268 758 3365 ipsis
782 3265 900 3340 finare
922 3293 991 3367 per
1016 3280 1178 3368 yterum,
1204 3293 1253 3340 nc

132 3392 303 3464 deterius
346 3391 558 3490 contingat,
597 3406 636 3464 et
671 3393 726 3464 sic
765 3393 997 3465 novissimus
1040 3394 1112 3466 erit
1145 3394 1254 3491 pejor

132 3519 274 3618 priore.

187 3668 203 3710 ι(
227 3643 419 3741 Scriptum
440 3656 543 3716 retro
567 3641 787 3742 granchiam
810 3658 994 3731 nostram,
1012 3641 1074 3716 die
1090 3645 1194 3716 lovis
1214 3645 1253 3716 in

132 3768 274 3841 festum
294 3765 465 3840 estivalis
481 3765 584 3840 beati
601 3769 752 3840 Martini
770 3767 798 3858 4,
821 3794 935 3856 anno,
956 3769 1250 3860 M.CCC.L.lX.,

170 3963 196 4012 1.
218 3959 270 4012 Dis
282 3958 416 4011 vicesima
432 3959 554 4011 secunda
565 3959 670 4012 mensis
687 3958 847 4023 Februarii,
859 3979 930 4014 anuo
944 3959 1161 4014 M.CCC.L.IX.

169 4047 196 4098 2.
216 4043 270 4097 Die
282 4043 416 4096 vicesima
431 4053 531 4114 quarta
544 4043 650 4095 mensis
666 4044 751 4097 Junii.

169 4131 195 4182 3.
216 4129 270 4182 Die
283 4127 429 4182 tricesima
443 4128 550 4180 mensis
565 4128 646 4182 Julii.

143 4226 146 4230 ’
170 4215 197 4266 4.
217 4213 270 4266 Die
287 4223 389 4284 quarta
404 4213 511 4265 mensis
529 4211 608 4265 Julii.
