3044 5082
596 392 767 462 -3-

121 547 199 617 tuis
230 543 381 616 bellicis
398 544 501 630 viris
535 541 584 616 ob
614 542 844 616 cibariorum
865 557 1011 615 tantum
1038 541 1243 631 defectum,

119 686 162 743 ut
209 669 351 742 milites
393 671 446 741 rei
485 669 744 741 frumentariae
780 671 906 768 inopia
951 669 1028 766 jam
1069 667 1244 740 laborent

118 801 396 898 garsionesque
428 797 527 870 fame
559 812 848 870 consumantur.
884 828 901 869 x
935 798 1055 892 Quam
1084 801 1122 869 in
1153 821 1242 870 seu-

118 927 279 998 tentiam
313 949 404 1022 rege
442 925 637 1022 ingresso,
676 949 753 996 non
791 949 902 997 secus
936 939 1065 997 tamen
1102 925 1241 996 ceteris

119 1051 310 1122 exercitus
324 1048 500 1133 ducibus,
519 1051 690 1147 receptui
703 1051 854 1148 signum
874 1048 1059 1122 militibus
1079 1047 1244 1148 impedi-

120 1177 338 1274 mentisque
355 1189 392 1246 et
412 1175 521 1272 equis
540 1171 669 1246 datum
690 1173 773 1247 fuit.
794 1203 811 1244 ›>

171 1303 237 1372 His
264 1314 391 1372 tamen
417 1297 634 1372 addendum
663 1301 702 1370 in
744 1299 1026 1398 expeditionem
1061 1299 1166 1372 illam
1204 1301 1242 1370 in

118 1427 397 1509 Navarrenses,
443 1423 490 1497 de
537 1451 610 1523 qua
660 1439 771 1497 antea
811 1427 955 1524 agitur,
1006 1427 1235 1510 exercitum,

120 1577 236 1649 quam
271 1551 431 1622 maxima
464 1564 502 1622 et
535 1551 697 1622 maxime
734 1550 984 1649 vituperanda
1020 1551 1178 1636 incuria,
1223 1577 1243 1622 a

120 1675 299 1774 Philippo
328 1678 391 1748 Ill.
424 1673 604 1748 eductum
634 1674 766 1762 fuisse,
799 1701 885 1748 cum
919 1688 1055 1748 contra
1088 1677 1242 1774 saepiUS‚

121 1800 249 1873 medio
281 1826 362 1873 aevo
391 1844 441 1854 -
471 1799 661 1900 siquidem
692 1801 822 1898 opinio
852 1826 897 1874 ex
929 1799 1130 1872 annalibus
1159 1827 1244 1899 quae

120 1923 404 1998 tertiodecimo
441 1941 479 1998 et
510 1939 646 2024 quarto
674 1923 823 1998 decimo
857 1924 1008 1998 saeculis
1042 1927 1244 2024 exscriptae

122 2061 279 2122 manent
299 2053 530 2150 surnipossit
547 2049 722 2122 -duces
734 2053 948 2122 utmaxima
969 2077 1059 2122 cura
1073 2052 1244 2122 exerciti-

122 2174 197 2247 bus
226 2178 304 2248 suis
329 2176 587 2250 subveherent
607 2191 843 2248 commeatus
874 2176 1069 2247 curavisse
1092 2174 1244 2246 videan-

124 2313 202 2388 tur;
217 2299 312 2374 adeo
329 2317 370 2374 ut
385 2301 561 2387 forsitan,
581 2300 922 2399 quicumquehuno
938 2299 1111 2372 libellum
1123 2299 1243 2398 perle-

120 2428 279 2523 gerit-
312 2425 519 2500 dummodo
550 2424 662 2498 nobis
691 2427 897 2524 contigerit
927 2451 1010 2524 quae
1039 2451 1128 2497 vera
1158 2451 1245 2498 esse

123 2550 637 2650 contendebamusprobare,
648 2549 748 2622 illius
762 2553 886 2622 aetatis
906 2565 1050 2624 attente
1063 2549 1243 2649 perlectis

123 2675 325 2748 annalibus
346 2702 462 2774 reque
489 2674 640 2748 militari
668 2677 706 2746 in
723 2677 779 2746 eis
799 2701 987 2774 perpensa
1005 2689 1180 2748 accurate
1197 2719 1245 2728 -—

123 2799 348 2873 mendosam
364 2801 574 2898 falsamque
590 2798 704 2871 ducet
722 2800 834 2872 istam
856 2827 969 2898 quam
991 2801 1245 2898 praemisimus

123 2927 368 3012 sententiam,
405 2925 549 2997 hancce
582 2950 672 2998 vero
705 2923 1015 3022 probatissimam
1042 2923 1199 2996 habebit
1234 2953 1240 2996 :

123 3077 202 3123 non
224 3051 347 3124 solum
375 3047 671 3148 populabundos
701 3051 890 3122 exercitus
913 3048 1037 3121 medio
1062 3075 1142 3121 aevo
1164 3074 1243 3121 rem

123 3175 410 3249 frumentariam
451 3189 765 3273 commeatusque
807 3169 1063 3263 contraxisse,
1112 3199 1244 3246 eorum

122 3327 215 3374 vero
228 3299 345 3372 duces
361 3301 521 3371 maxima
535 3297 720 3398 religione
731 3296 945 3397 providisse
957 3312 998 3369 ut
1013 3297 1243 3369 frumentum

124 3441 164 3498 et
176 3439 302 3498 cetera
316 3424 495 3497 victualia
509 3450 554 3496 ex
569 3423 740 3496 finitimis
758 3423 980 3522 regionibus
999 3420 1111 3494 simul
1130 3436 1244 3518 atque

125 3578 172 3624 ex
203 3553 285 3649 ipsa
310 3552 432 3649 patria
451 3547 542 3622 sede
571 3547 861 3620 adveherentur.
882 3551 1001 3642 Quam
1023 3547 1244 3644 opinionem

126 3676 367 3748 manifestam
377 3690 416 3748 ut
429 3673 624 3763 faciamus
638 3675 669 3745 si
683 3671 796 3745 modo
818 3674 1023 3770 possimne,
1041 3668 1246 3742 ostendere

123 3800 349 3872 conabimur
375 3798 514 3897 quibus
546 3801 604 3870 usi
639 3800 715 3870 sint
749 3795 962 3868 rationibus
995 3793 1051 3864 illi
1090 3795 1168 3892 qui,
1202 3818 1247 3866 ea

126 3940 252 4014 aetate,
283 3938 563 3997 commeatuum
595 3949 724 3996 curam
757 3920 989 4004 habebant¹‚
1026 3932 1067 3991 ut
1094 3919 1245 4018 agmina

163 4111 188 4162 1.
210 4107 262 4162 His
280 4127 347 4161 vero
363 4108 524 4160 addendum
538 4109 557 4158 F
561 4125 711 4160 raucorum
729 4107 816 4157 duces
832 4103 940 4156 minore
956 4121 1022 4154 cura
1039 4101 1244 4154 commeatibus

123 4193 287 4266 providisse
302 4211 386 4266 quam
399 4193 535 4261 extranei,
545 4191 688 4264 siquidem
701 4190 831 4261 sequenti
844 4187 961 4240 Girardi
976 4189 1011 4239 de
1025 4187 1045 4238 F
1048 4186 1164 4239 racheto
1178 4205 1244 4238 sen-
